3342 5392
659 420 747 501 56
1233 424 1489 481 LIBER
1526 422 2300 481 SACRAMENTORUM
2606 422 2675 489 [1.
2696 438 2857 473 xxxv.

661 598 884 654 vetere
933 589 1202 655 homine
1247 588 1315 654 in
1361 610 1607 655 novum
1669 588 2156 669 reformamini3
2220 597 2291 652 et
2348 588 2435 653 de
2492 588 2861 655 carnalibus

663 693 1008 777 spiritales,
1067 693 1154 757 de
1211 694 1486 758 terrenis
1543 693 1833 776 incipitis
1896 714 2038 759 esse
2104 692 2458 757 caelestes:
2504 712 2732 757 secura
2791 701 2859 756 et

663 798 992 862 constanti
1054 796 1188 863 fide
1244 799 1494 863 credite
1552 798 2109 876 resurrectionem,
2164 817 2335 881 quae
2392 797 2569 861 sacta
2624 805 2727 861 est
2792 796 2859 861 in

666 901 951 979 Christe,
979 901 1184 966 etiam
1214 901 1282 965 in
1311 897 1502 966 nobis
1531 902 1843 967 omnibus
1874 921 2018 966 esse
2046 898 2511 983 complendam
2529 898 2606 978 55,
2634 908 2705 965 et
2732 900 2861 964 hoc

664 1013 1042 1070 secuturum
1060 1001 1115 1041 ⁶⁴
1170 1004 1237 1069 in
1303 1012 1452 1069 toto
1515 1025 1792 1089 corpore
1849 1006 2031 1089 quod
2080 1005 2437 1088 praecessit
2496 1005 2566 1067 in
2620 1004 2859 1088 capite.

665 1108 1000 1191 Quoniam
1026 1116 1096 1173 et
1117 1108 1356 1193 ipsum,
1386 1110 1567 1192 quod
1597 1110 1969 1193 percepturi
1989 1108 2045 1147 55
2080 1109 2258 1185 estiS,
2292 1107 2611 1191 baptismi
2642 1127 2859 1172 sacra-

665 1223 962 1277 mentum
993 1212 1186 1278 huius
1214 1214 1357 1297 spei
1377 1212 1432 1251 55
1475 1213 1791 1297 exprimit
1819 1213 2100 1279 formam
2124 1212 2198 1275 ⁶⁷.
2287 1211 2637 1296 Quaedam
2684 1211 2860 1276 enim

663 1317 753 1380 ibi
800 1336 996 1393 morS,
1025 1326 1094 1382 et
1123 1316 1456 1400 quaedam
1499 1317 1888 1382 resurrectio
1926 1316 2310 1381 celebratur.
2399 1315 2615 1380 Vetus
2658 1314 2863 1379 homo

661 1420 1016 1504 deponitur
1049 1428 1120 1484 et
1159 1440 1368 1485 novus
1409 1419 1714 1485 sumitur.
1804 1421 2119 1485 Peccator
2146 1440 2355 1503 aquas
2386 1418 2753 1501 ingreditur
2794 1429 2862 1483 et

661 1522 1079 1589 iu·stificatus
1119 1523 1476 1605 egreditur.
1568 1523 1693 1588 Ille
1726 1524 2032 1589 abiicitur
2059 1524 2171 1607 qui
2202 1524 2414 1588 traxit
2443 1522 2530 1586 ad
2562 1531 2864 1595 mortem,
2890 1532 3009 1590 543

659 1636 730 1691 et
771 1627 1125 1711 suscipitur
1166 1627 1276 1691 ille
1321 1628 1437 1711 qui
1482 1630 1753 1693 reduxit
1796 1628 1881 1692 ad
1926 1628 2153 1705 vitam,
2188 1648 2308 1713 per
2350 1628 2537 1691 cuius
2577 1628 2861 1709 gratiam

657 1731 848 1797 vobis
879 1731 1224 1811 confertur,
1255 1743 1332 1797 ut
1360 1731 1478 1797 filii
1510 1733 1638 1797 Dei
1680 1732 1842 1809 sitis,
1872 1752 2005 1797 non
2046 1733 2261 1797 carnis
2289 1732 2635 1796 voluntate
2677 1731 2863 1810 editi,

658 1837 776 1901 sed
815 1836 1025 1901 sancti
1058 1835 1346 1919 Spiritus
1384 1836 1630 1901 virtute
1669 1838 1987 1918 generati.
2079 1835 2173 1901 Et
2212 1836 2365 1899 ideo
2406 1833 2576 1900 hanc
2614 1836 2861 1899 brevis-

659 1940 898 2005 simam
929 1939 1408 2024 plenitudinem
1431 1941 1526 2004 ita
1555 1939 1812 2005 debetis
1840 1938 2073 2004 vestris
2096 1938 2407 2005 cordibus
2435 1939 2773 2003 inhaerere
2790 1936 2863 2015 55,

661 2054 735 2107 ut
793 2044 977 2107 omni
1035 2051 1340 2125 tempore
1396 2044 1730 2126 praesidio
1789 2043 1983 2107 huius
2051 2041 2485 2109 confessionis
2556 2042 2861 2106 utamini.

662 2147 922 2213 Invicta
949 2156 1051 2211 est
1083 2146 1259 2211 enim
1289 2166 1550 2231 semper
1579 2146 1817 2211 talium
1840 2167 2176 2213 armorum
2196 2145 2249 2186 ⁶⁹
2282 2156 2599 2230 potestaS‚
2631 2156 2863 2211 contra

657 2270 894 2315 omnes
951 2250 1222 2315 insidias
1281 2248 1528 2315 inimici
1587 2250 1674 2315 ad
1728 2252 1977 2316 bonam
2040 2250 2287 2316 Christi
2347 2248 2651 2315 militiam
2711 2269 2865 2332 pro-

659 2353 882 2419 futura
903 2352 974 2418 55.
1067 2353 1411 2433 DiaboluS,
1442 2354 1554 2437 qui
1571 2352 1626 2393 ⁶²
1663 2354 2005 2419 hominem
2048 2363 2303 2419 tentare
2346 2373 2482 2418 non
2524 2354 2765 2418 desinit
2784 2352 2863 2432 ⁶²,

659 2458 950 2522 munitos
994 2477 1116 2523 vos
1156 2456 1286 2521 hoc
1333 2456 1663 2541 Symbolo
1706 2478 1967 2541 semper
2010 2457 2415 2535 inveniat⁶³3
2460 2466 2551 2536 ut,
2599 2457 2863 2523 devicto

656 2561 1054 2639 adversarie,
1091 2561 1197 2626 cui
1240 2562 1627 2628 renuntiatis
1645 2558 1724 2640 ⁶4,
1770 2562 2051 2646 gratiam
2096 2561 2369 2626 Domini
2414 2561 2864 2643 incorruptam

659 2674 729 2730 et
770 2662 1267 2729 immaculatam
1315 2685 1524 2748 usque
1577 2665 1644 2729 in
1686 2664 1907 2743 finem,
1942 2666 2091 2748 ipso
2142 2685 2344 2748 quem
2362 2664 2418 2704 55
2457 2664 2865 2730 confitemini

656 2776 1073 2853 protegente,
1117 2768 1409 2843 servetis,
1455 2776 1531 2832 ut
1549 2768 1604 2807 55
1649 2770 1719 2831 in
1758 2789 1895 2852 quo
1941 2778 2362 2852 peccatorum
2408 2766 2863 2833 remissionem

655 2872 970 2953 accipitiS,
987 2872 1054 2935 in
1079 2891 1160 2935 eo
1182 2869 1462 2955 gloriam
1487 2872 1979 2938 resurrectionis
2000 2871 2302 2937 habeatis
2318 2870 2391 2933 ⁰⁷.
2453 2872 2635 2955 Ergo
2658 2870 2862 2936 dilec-

652 2976 909 3051 tissimi,
940 2976 1306 3057 praesatum
1340 2974 1741 3058 Symbolum
1773 2974 1927 3041 fidei
1956 2975 2320 3042 catholicae
2337 2974 2392 3014 55
2432 2976 2498 3040 in
2527 2976 2861 3059 praesenti

653 3079 1078 3161 cognovistiS,
1105 3099 1278 3144 nunc
1323 3088 1556 3144 euntes
1600 3078 1972 3144 edocemini
2016 3079 2199 3144 nullo
2245 3088 2502 3144 mutato
2531 3099 2855 3143 sermone.

657 3184 904 3248 Potens
933 3192 1038 3247 est
1064 3182 1245 3247 enim
1278 3182 1409 3245 Dei
1449 3182 1893 3247 misericordia
1931 3204 2105 3266 quae
2140 3192 2210 3247 et
2250 3202 2371 3249 vos
2413 3181 2501 3246 ad
2542 3182 2859 3264 baptismi

654 3286 859 3351 fidem
910 3294 1244 3351 currentes
1289 3286 1628 3369 perducat,
1673 3297 1741 3350 et
1794 3305 1915 3349 nos
1960 3286 2075 3369 qui
2120 3286 2311 3351 vobis
2362 3287 2679 3368 mysteria
2728 3295 2860 3350 tra-

655 3391 898 3466 dimus,
939 3409 1070 3455 una
1120 3389 1464 3455 vobiscum
1515 3388 1604 3454 ad
1656 3409 1863 3474 regna
1907 3390 2220 3455 caelestia
2262 3388 2457 3454 faciat
2500 3388 2860 3474 pervenire.

658 3495 786 3558 Per
834 3494 1122 3558 eundem
1181 3493 1549 3559 Dominum
1622 3502 1923 3558 nostrum
1985 3491 2206 3558 Iesum
2260 3492 2620 3571 Christum,
2670 3493 2786 3576 qui
2803 3493 2865 3532 ⁶⁹·

655 3597 818 3663 vivit
859 3606 929 3661 et
964 3606 1196 3681 regnat
1231 3597 1300 3661 in
1340 3595 1605 3663 saecula
1639 3596 2073 3662 saeculorum.
2158 3594 2405 3661 Amen.

723 3841 741 3872 ¹
775 3842 902 3891 This
933 3841 1122 3893 section
1154 3840 1246 3891 has
1278 3841 1405 3892 been
1437 3842 1708 3907 compared
1730 3841 1809 3892 sor
1828 3841 1914 3893 the
1934 3850 2129 3907 greater
2150 3848 2261 3907 pm
2283 3840 2344 3891 of
2358 3841 2425 3891 its
2445 3848 2609 3892 extent
2629 3840 2753 3891 with
2774 3841 2862 3893 the

656 3907 868 3973 parallel
901 3906 1032 3957 form
1061 3908 1208 3972 given
1242 3907 1310 3969 by
1332 3907 1545 3957 Gerbert
1569 3907 1644 3971 (ii.
1668 3910 1724 3969 3)
1745 3908 1874 3958 from
1908 3907 1988 3957 his
2016 3908 2193 3957 Ziirich
2216 3907 2327 3957 MS.
2352 3907 2501 3971 (saec.
2523 3907 2575 3956 ix
2595 3907 2755 3970 cim),
2774 3909 2863 3959 the

657 3972 886 4036 readings
907 3974 966 4022 of
981 3973 1146 4023 which
1178 3988 1276 4032 are,
1304 3988 1360 4021 ss
1391 3973 1576 4031 before,
1598 3972 1732 4023 cited
1764 3989 1821 4023 as
1852 3973 2004 4023 Gerb.
2069 3973 2181 4023 The
2213 3973 2343 4022 form
2375 3972 2433 4021 of
2460 3972 2545 4023 the
2577 3973 2739 4023 Creed
2770 3973 2863 4023 has

656 4040 783 4088 been
827 4038 1097 4103 compared
1135 4038 1258 4088 with
1297 4038 1407 4087 that
1443 4038 1709 4089 contained
1747 4038 1799 4088 in
1834 4050 1887 4090 Α.
1922 4038 2087 4089 which
2130 4038 2237 4099 has,
2270 4038 2398 4087 after
2432 4038 2519 4088 the
2554 4038 2653 4087 last
2686 4054 2863 4103 prayer

656 4102 920 4153 contained
957 4104 1010 4151 in
1055 4104 1219 4153 xxxiv.
1249 4120 1313 4153 su
1375 4120 1427 4163 a,
1450 4103 1536 4153 the
1557 4103 1797 4154 direction
1832 4106 1847 4131 ‘
1862 4106 1967 4154 Hic
1998 4111 2214 4169 exponat
2231 4103 2487 4168 presbyter
2517 4105 2675 4154 Pater
2698 4110 2867 4153 noster

655 4169 753 4234 qui
771 4168 832 4217 in
853 4170 1001 4217 caelis
1021 4174 1195 4218 totum.
1320 4170 1366 4218 ic
1385 4175 1598 4233 exponat
1624 4170 1779 4219 Credo
1796 4168 1855 4217 in
1876 4172 2075 4231 unum,'
2094 4169 2329 4219 followed
2356 4168 2421 4232 by
2443 4183 2474 4218 a
2497 4168 2645 4218 Latin
2666 4170 2863 4219 version

656 4234 717 4283 os
742 4234 830 4284 the
862 4234 1044 4295 Creed,
1065 4234 1232 4284 which
1265 4234 1354 4283 has
1387 4233 1656 4298 originally
1676 4234 1859 4298 agreed
1889 4250 2005 4298 very
2038 4234 2228 4299 closely
2248 4234 2369 4283 with
2402 4234 2487 4283 the
2518 4234 2711 4283 version
2743 4250 2861 4285 con-

656 4299 824 4350 tained
847 4300 899 4348 in
917 4298 998 4358 V..
1026 4299 1118 4349 but
1137 4300 1230 4349 has
1253 4300 1376 4349 been
1399 4298 1585 4349 altered
1607 4300 1674 4363 by
1692 4314 1724 4348 a
1746 4299 1871 4349 later
1891 4298 2026 4349 hand
2048 4299 2153 4349 into
2173 4306 2455 4363 agreement
2475 4300 2598 4349 with
2618 4300 2703 4349 the
2722 4315 2863 4350 more

655 4363 798 4414 usual
831 4364 974 4415 form.
1173 4363 1194 4392 ⁹
1225 4379 1379 4429 quam
1413 4364 1476 4413 V.
1512 4364 1787 4427 (corrected
1820 4366 1887 4429 by
1919 4364 2177 4415 Tommasi
2207 4381 2264 4415 as
2296 4372 2421 4425 text,
2455 4364 2581 4415 from
2620 4364 2865 4415 Santori's

657 4430 787 4490 MS„
809 4430 930 4481 with
960 4429 1124 4479 which
1159 4428 1313 4479 Gerb.
1334 4430 1548 4494 agrees).
1744 4428 1765 4457 ⁸
1794 4429 1989 4479 animis
2021 4430 2197 4480 honam
2230 4430 2641 4481 conversationem
2673 4438 2865 4480 mutate

657 4497 850 4556 Gerb.;
901 4496 963 4546 V.
997 4511 1054 4545 as
1092 4502 1196 4545 text
1233 4494 1756 4559 (ungrammaticauyz
1807 4496 2065 4545 Tommasi
2108 4496 2251 4545 reads
2294 4510 2415 4545 vera
2459 4495 2861 4557 conversan‘one).

655 4560 674 4590 ⁴
708 4568 992 4611 vestrarum
1017 4560 1202 4619 Gerb.;
1235 4560 1298 4608 V.
1322 4575 1378 4609 as
1399 4567 1517 4609 text.
1651 4560 1673 4590 5
1706 4560 2041 4611 illuminator.
2102 4562 2326 4610 Accedite
2348 4562 2497 4612 Gerb.
2629 4558 2650 4588 ⁸
2680 4562 2861 4610 Evan-

649 4627 836 4691 gelicae
853 4626 914 4676 V.
931 4642 946 4686 ;
979 4624 1238 4675 Tommasi
1261 4626 1442 4675 retains
1465 4624 1578 4683 this,
1596 4626 1687 4674 bnt
1710 4632 1851 4675 notes
1870 4626 1981 4677 that
2002 4624 2242 4676 Santori’s
2263 4626 2372 4676 MS.
2399 4626 2519 4677 read
2538 4626 2865 4691 evangelie&

657 4692 811 4741 Gerb.
840 4691 928 4740 has
953 4692 1255 4753 Evangelici
1280 4690 1550 4753 symbolum
1582 4692 1904 4741 sacramenti.
2100 4688 2121 4718 ⁷
2153 4691 2215 4741 V.
2244 4692 2394 4741 omits
2418 4692 2498 4753 ab,
2520 4692 2683 4743 which
2706 4692 2861 4741 Torn-

657 4757 783 4807 mssi
805 4763 947 4808 notes
965 4770 1024 4807 as
1047 4757 1195 4820 being
1215 4756 1476 4807 contained
1500 4757 1550 4807 in
1573 4754 1815 4807 Santori's
1835 4757 1976 4819 MS.;
2008 4756 2161 4808 Gcrb.
2184 4757 2295 4809 also
2317 4757 2411 4809 has
2432 4760 2491 4809 it.
2686 4756 2706 4785 ⁸
2737 4756 2869 4823 qaid
