3342 5392
375 1181 419 1231 C
425 1179 456 1230 f.
483 1178 633 1232 Gerb.

374 1261 460 1310 pp.
492 1258 602 1308 101,

377 1325 489 1362 102.

366 3137 518 3187 Gerb.
549 3154 636 3203 pp.

367 3218 478 3267 ιω,
503 3218 614 3267 103.

747 373 786 440 3
791 355 872 440 38
1607 363 2073 420 APPENDJX.

951 527 1194 606 Suscipe
1233 545 1476 588 munera
1515 545 1574 606 q.
1617 528 1771 588 Dne.
1813 527 2123 590 exultantis

906 625 1080 688 ΛΠ).
1122 626 1468 705 Suppliciter
1505 629 1879 689 obsecrantes
1920 646 1995 688 ne
2038 645 2149 688 nos
2190 625 2267 688 ad
2308 625 2469 686 illum

945 723 1316 786 Maiestatem
1357 737 1518 786 tuam
1558 725 1711 786 Due.
1746 727 2041 805 supplices
2080 743 2391 788 exoramus

941 819 1305 904 [tExuberet
1345 844 1406 903 q.
1449 825 1604 886 Dne.
1645 822 1965 906 mentibus]

936 923 1044 982 Ad
1091 932 1236 999 vesp.
1301 924 1385 981 ad
1441 921 1558 983 SS.
1629 923 1892 984 Cosmum
1952 930 2009 982 et
2062 921 2436 982 Damianum.
2518 920 2595 983 D.
2666 925 2783 1002 qui
2856 945 2995 988 nos

1101 1021 1494 1082 exultantibus
1535 1022 1749 1082 animis

1282 1177 1426 1238 Item
1467 1179 1616 1238 aliae
1661 1179 1956 1238 Orationes
1995 1177 2305 1240 paschales
2324 1175 2364 1238 ¹.

937 1293 1015 1354 D.
1055 1295 1158 1372 qui
1197 1312 1408 1354 omnes
1447 1295 1508 1354 in
1553 1293 1789 1356 Christo
1830 1305 2062 1356 renatos

937 1393 1017 1454 D.
1057 1393 1160 1471 qui
1199 1393 1504 1454 credentes
1546 1393 1606 1452 in
1649 1403 1708 1452 te
1749 1393 1913 1454 sonte
1954 1393 2315 1472 baptismatis

937 1490 1018 1554 D.
1058 1493 1160 1569 qui
1201 1509 1315 1570 pro
1357 1493 1540 1552 salute
1581 1493 1787 1552 mundi
1828 1492 2173 1552 sacrificium

935 1589 1016 1649 D.
1055 1590 1160 1669 qui
1199 1589 1278 1650 ad
1317 1601 1614 1652 aeternam
1655 1591 1831 1650 vitam
1850 1635 1871 1654 .
1904 1635 1921 1651 .
1949 1634 1967 1652 .
1991 1591 2148 1668 erige

937 1689 1018 1750 D.
1058 1691 1160 1768 qui
1199 1689 1510 1750 credentes
1549 1691 1612 1750 in
1655 1699 1713 1750 te
1754 1689 2009 1767 populos

937 1783 1044 1868 [Ο.
1085 1805 1134 1849 s.
1172 1787 1252 1848 D.
1287 1788 1392 1866 qui
1433 1787 1757 1848 humanam
1797 1799 2067 1848 naturam
2084 1783 2138 1868 ²]

935 1882 1246 1967 [Concede
1285 1905 1366 1946 m.
1409 1885 1489 1947 D.
1529 1897 1594 1946 ut
1633 1886 1797 1964 quod
1838 1881 2237 1966 paschalibus]

936 1981 1202 2067 [Praesta
1241 1985 1414 2046 nobis
1452 2003 1512 2045 o.
1551 1985 1626 2044 D.
1669 1996 1734 2045 ut
1774 1983 2192 2066 percipientes]

933 2081 1042 2166 [D.
1079 2083 1181 2163 qui
1219 2102 1326 2162 per
1363 2080 1775 2166 Unigenitum]

933 2178 1186 2262 [Adesto
1227 2201 1284 2260 q.
1325 2181 1478 2242 Dne.
1521 2192 1656 2242 tuae
1696 2179 1975 2264 familiae]

933 2278 1029 2339 Da
1069 2297 1150 2338 m.
1191 2279 1268 2340 D.
1307 2289 1372 2339 ut
1412 2281 1474 2338 in
1515 2281 1936 2341 resurrectione

935 2375 1194 2460 [Exaudi
1235 2397 1345 2438 nos
1383 2396 1443 2438 o.
1474 2376 1552 2437 D.
1592 2389 1651 2438 et
1693 2379 1945 2439 familiae
1985 2377 2151 2460 tuae]

931 2473 1264 2557 [Conserva
1303 2478 1474 2538 nobis
1513 2495 1572 2555 q.
1615 2477 1771 2538 Due.
1812 2474 2301 2559 misericordiam]

929 2571 1142 2654 [Solita
1183 2595 1240 2654 q.
1283 2573 1438 2636 Dne.
1479 2593 1631 2654 quos
1669 2572 1929 2657 salvasti]

931 2671 1349 2756 [Christianam
1391 2691 1452 2751 q.
1493 2673 1646 2734 Dne.
1689 2677 1909 2753 respice
1949 2671 2211 2756 plebem]

933 2769 1040 2852 [O.
1083 2789 1128 2830 s.
1169 2770 1244 2832 D.
1285 2774 1632 2852 propensius
1673 2773 1765 2832 his
1804 2770 2041 2855 diebus]

931 2867 1038 2950 [D.
1077 2871 1178 2949 qui
1219 2889 1424 2931 sensus
1465 2885 1699 2932 nostros
1739 2869 2006 2954 terrenis]

931 2966 1202 3050 [Largire
1242 2988 1302 3049 q.
1341 2970 1619 3030 ecclesiae
1661 2981 1796 3030 tuae
1838 2969 1991 3030 Dne.
2031 2979 2089 3031 et
2129 2988 2167 3030 a
2206 2965 2353 3050 suis]

975 3127 1272 3186 Orationes
1295 3135 1352 3187 et
1372 3126 1578 3187 Preces
1605 3128 1670 3186 de
1696 3127 1931 3187 Pascha
1956 3129 2195 3186 annolfi
2222 3123 2516 3207 (annotina
2561 3125 2681 3208 R.).

929 3242 1006 3302 D.
1050 3239 1181 3324 [per
1221 3245 1388 3303 cuius
1404 3246 1428 3279 ⁸
1448 3238 1500 3324 ?]
1542 3243 1962 3320 providentiam
2004 3261 2117 3302 nec
2157 3243 2595 3320 praeteritorum

928 3338 1008 3400 D.
1045 3341 1149 3420 qui
1189 3343 1402 3402 renatis
1440 3341 1602 3401 sonte
1643 3342 2009 3420 baptismatis

788 3511 804 3538 ¹
842 3513 954 3564 The
985 3513 1134 3564 series
1166 3515 1218 3563 in
1252 3514 1314 3564 R.
1347 3515 1392 3565 in
1426 3516 1729 3580 apparently
1758 3513 2027 3579 complete,
2066 3513 2165 3562 and
2204 3511 2372 3562 differs
2408 3512 2766 3580 considerably
2806 3519 2952 3572 from

721 3579 831 3629 that
851 3579 902 3628 in
925 3579 977 3630 s.

1649 3645 1813 3695 omer
1838 3643 1903 3709 ef
1922 3645 1989 3697 R.

1051 3733 1162 3780 1-5.
1197 3719 1272 3768 As
1293 3719 1344 3768 in
1366 3719 1434 3780 S„
1454 3721 1506 3769 in
1530 3719 1614 3770 the
1635 3735 1773 3769 same
1796 3719 1952 3768 order.

1113 3785 1164 3834 6.
1197 3786 1400 3834 Praesta
1459 3822 1470 3833 .
1493 3785 1640 3834 nobis
1663 3801 1711 3834 o.
1734 3792 1783 3834 et
1808 3800 1873 3833 m.
1900 3785 1965 3834 D.
1992 3791 2045 3833 ut
2070 3785 2119 3832 in
2142 3787 2491 3835 resurrectione

1115 3859 1162 3913 7.
1197 3851 1408 3913 Depelle
1472 3850 1600 3900 Dele
1611 3849 1658 3914 ?]
1685 3852 1813 3900 Due.
1847 3850 2179 3914 conscriptum

1111 3919 1160 3965 8.
1197 3918 1262 3964 D.
1288 3916 1374 3979 qui
1397 3931 1430 3964 a
1487 3923 1735 3965 aeternam
1755 3916 1909 3964 vitam
1935 3951 1947 3965 .
1974 3953 1989 3966 .
2016 3953 2029 3964 .
2052 3915 2206 3980 imple

1111 3996 1160 4045 9.
1195 3983 1262 4031 D.
1285 3981 1490 4030 humani
1509 3980 1704 4045 generis
1726 3981 1954 4030 conditor

1085 4059 1159 4095 10.
1192 4046 1423 4097 Gaudeat
1447 4047 1575 4096 Due.
1600 4046 1745 4110 plebs
1768 4047 1933 4095 fidelis

1083 4124 1156 4160 11.
1193 4111 1261 4161 D.
1286 4112 1372 4176 qui
1395 4112 1581 4161 renatis
1602 4127 1664 4160 ex
1688 4127 1819 4175 aqua

1082 4190 1157 4227 12.
1193 4177 1295 4226 Fac
1316 4192 1365 4224 o.
1389 4177 1455 4226 D.
1481 4186 1533 4227 ut
1555 4177 1641 4240 qui
1664 4176 1986 4241 paschalibus

1079 4255 1158 4304 13.
1193 4243 1276 4291 Da
1296 4242 1576 4292 misericors
1598 4242 1739 4292 Deus

1083 4321 1158 4372 14.
1194 4308 1464 4356 Familiam
1487 4315 1626 4356 tuam
1651 4324 1703 4373 q.
1729 4309 1843 4357 Dne
1864 4306 2067 4358 dextera

1081 4383 1158 4436 15.
1190 4373 1515 4422 Paschalibus
1535 4389 1628 4422 nos
1647 4389 1698 4438 q.
1727 4372 1857 4422 Dne.

1080 4437 1156 4488 16.
1192 4439 1255 4502 Q.
1279 4455 1328 4488 o.
1352 4440 1419 4488 D.
1447 4446 1499 4487 ut
1525 4439 1623 4487 iam
1645 4454 1747 4487 non
1770 4447 2040 4488 teneamur.

783 4503 860 4554 Of
871 4503 1028 4566 these,
1057 4517 1116 4566 13
1139 4505 1180 4553 is
1201 4504 1252 4552 in
1275 4504 1344 4564 S.‚
1368 4505 1530 4554 where
1551 4503 1635 4553 the
1656 4511 1754 4554 rest
1790 4503 1986 4568 (except
2014 4505 2128 4567 1-5)
2161 4519 2242 4555 are
2277 4503 2494 4568 wanting
2527 4509 2577 4554 at
2614 4505 2714 4555 this
2752 4509 2935 4572 point:

720 4583 779 4618 12
807 4570 904 4618 and
933 4583 994 4633 14
1015 4585 1099 4619 are
1121 4575 1210 4618 not
1233 4570 1284 4618 in
1305 4569 1389 4620 the
1412 4570 1561 4619 series
1583 4569 1634 4618 in
1660 4569 1810 4619 Gerb.

782 4633 804 4666 ²
841 4635 1104 4700 Imperfect
1127 4635 1176 4684 in
1199 4635 1249 4684 S.
1268 4650 1284 4694 ;
1316 4633 1422 4684 leaf
1435 4635 1691 4699 wanting?

779 4699 803 4728 ³
836 4701 897 4749 R.
921 4701 1011 4750 has
1033 4701 1103 4750 D.
1127 4701 1332 4765 qviper
1349 4701 1530 4762 cuius-3
1565 4699 1621 4751 8¹
1641 4701 1713 4751 D.
1738 4699 1879 4765 apud
1904 4699 2065 4750 cuius.
