3342 5392
515 438 552 488 1.
577 436 672 501 xl.]
1137 438 1565 495 ROMANAE
1605 438 2094 495 ECCLESIAE.
2626 443 2660 511 7
2677 448 2701 493 1

594 602 848 666 Iterum
877 601 1043 666 disis
1061 601 1118 641 ²⁵
1149 602 1484 667 Dominus
1512 602 1877 668 vobiscum.

593 706 784 787 Resp.
834 705 924 771 Et
954 726 1105 769 cum
1141 706 1376 790 spiritu
1413 715 1550 773 tuo.

596 809 873 876 Sursum
905 810 1126 875 corda.

591 912 784 995 Resp.
829 913 1179 979 Habemus
1209 914 1294 978 ad
1329 914 1697 979 Dominum
1716 914 1793 981 ²⁶.

594 1015 860 1081 Gratias
891 1037 1170 1099 agamus
1201 1017 1500 1083 Domino
1534 1018 1683 1084 Deo
1714 1026 1961 1084 nostro.

590 1119 782 1203 Resp.
831 1122 1130 1205 Dignum
1163 1131 1232 1186 et
1262 1121 1509 1187 iustum
1540 1131 1661 1189 est.

590 1224 743 1290 VD.
791 1224 887 1288 Et
930 1225 1178 1289 iustum
1209 1234 1330 1303 est,
1361 1244 1652 1309 aequum
1692 1232 1760 1289 et
1789 1225 2097 1302 salutare,
2127 1244 2250 1293 nos
2287 1224 2408 1290 tibi
2443 1245 2706 1309 semper

503 1325 608 1391 hic
657 1336 725 1391 et
776 1327 1023 1411 ubique
1071 1328 1322 1413 gratias
1369 1347 1585 1412 agere,
1629 1328 1923 1393 Domine
1968 1338 2215 1402 sancte,
2254 1328 2451 1393 Pater
2490 1330 2705 1394 omni-

503 1440 761 1512 potenS,
791 1441 1056 1496 aeterne
1089 1434 1294 1496 DeuS.
1385 1432 1521 1515 Qui
1559 1433 1624 1496 in
1667 1431 1991 1516 principio
2020 1433 2192 1497 inter
2226 1442 2485 1498 caetera
2513 1434 2705 1497 boni-

502 1535 660 1601 tatis
689 1543 757 1600 et
789 1536 1050 1618 pietatis
1074 1532 1126 1572 ²⁷
1166 1546 1322 1600 tuae
1364 1556 1638 1601 munera
1678 1545 1924 1601 terram
1973 1537 2337 1620 producere
2378 1536 2705 1601 fructifera

501 1638 686 1721 ligna
717 1638 981 1706 iussisti.
1076 1640 1259 1703 Inter
1290 1659 1462 1723 quae
1498 1639 1694 1705 huius
1730 1640 2145 1723 pinguissimi
2175 1639 2447 1724 liquoris
2480 1640 2705 1704 minis-

502 1752 643 1811 trae
702 1741 890 1807 oleae
949 1752 1388 1817 nascerentur,
1449 1763 1735 1828 quarum
1799 1741 2048 1809 fructus
2106 1763 2295 1807 sacro
2362 1743 2702 1808 chrismati

501 1846 875 1911 deserviret.
988 1846 1168 1910 Nam
1231 1846 1448 1912 David
1508 1846 1899 1931 prophetico
1947 1846 2179 1930 spiritu
2238 1847 2487 1930 gratiae
2546 1856 2701 1911 tuae

499 1960 913 2015 sacramenta
941 1970 1400 2033 praenoscenS,
1428 1950 1652 2015 vultus
1679 1960 1936 2015 nostros
1959 1951 2025 2014 in
2047 1950 2197 2016 oleo
2228 1950 2698 2015 exhilarandos

502 2073 647 2117 esse
686 2054 996 2118 cantavit.
1087 2053 1180 2117 Et
1224 2074 1431 2137 quum
1477 2054 1707 2117 mundi
1752 2052 2026 2119 crimina
2068 2053 2317 2119 diluvio
2360 2054 2697 2138 quondam

501 2158 926 2241 expiarentur
965 2154 1246 2221 effuso²⁸
1287 2156 1788 2223 similitudinem
1825 2156 2025 2221 futuri
2064 2156 2349 2222 muneris
2390 2156 2700 2221 columba

499 2263 969 2326 demonstrans
1005 2282 1123 2345 per
1153 2261 1366 2326 olivae
1395 2282 1652 2325 ramum
1678 2281 1917 2346 pacem
1949 2261 2141 2326 terris
2174 2260 2501 2325 redditam
2532 2281 2697 2325 nun·

499 2365 708 2428 tiavit.
827 2365 1029 2448 Quod
1092 2366 1158 2429 in
1229 2365 1601 2430 novissimis
1677 2364 2088 2449 temporibus
2162 2364 2531 2429 manifestis
2596 2374 2697 2429 est

499 2467 842 2533 effectibus
900 2470 1328 2549 declaratum,
1378 2490 1603 2553 quum,
1664 2469 2087 2553 baptismatis
2150 2470 2339 2554 aquis
2396 2470 2694 2534 omnium

496 2572 844 2637 criminum
911 2573 1267 2639 commissa
1324 2573 1717 2651 delentibu3‚
1774 2573 1937 2640 haec
2004 2574 2132 2641 olei
2195 2574 2419 2639 unctio
2472 2573 2698 2638 vultus

497 2686 762 2742 nostros
799 2676 1116 2742 iocundos
1159 2675 1401 2741 efficiat
1421 2676 1472 2714 ²⁹
1503 2697 1583 2742 ac
1631 2698 1915 2741 serenos.
2007 2677 2175 2742 Inde
2220 2678 2423 2741 etiam
2470 2678 2695 2760 Moysi

499 2778 750 2844 famulo
793 2788 909 2845 tuo
950 2779 1271 2845 mandata
1314 2780 1577 2857 dedisti,
1608 2790 1685 2844 ut
1719 2780 1954 2845 Aaron
1989 2780 2258 2847 fratrem
2290 2801 2483 2847 suum
2515 2780 2695 2865 prius

497 2904 672 2967 aqua
699 2884 911 2949 lotum
943 2904 1060 2967 per
1099 2882 1491 2948 infusionem
1515 2882 1570 2923 ³⁰
1610 2876 1805 2950 huius
1841 2886 2162 2967 unguenti
2192 2884 2623 2950 constitueret
2642 2882 2696 2924 ³¹

499 2988 927 3052 sacerdotem.
1001 2988 1312 3053 Accessit
1341 2988 1426 3051 ad
1459 2987 1585 3053 hoc
1606 2985 1660 3027 ³²
1690 2987 1972 3072 amplior
1994 2988 2227 3065 honor,
2251 3008 2456 3072 quum
2490 2988 2693 3054 Filius

497 3099 671 3167 tuus,
702 3091 1036 3155 Dominus
1065 3100 1289 3154 noster
1332 3092 1516 3155 Iesus
1551 3089 1873 3170 Christus,
1904 3090 2109 3156 lavari
2140 3113 2181 3156 a
2214 3091 2465 3157 Ioanne
2497 3092 2692 3157 undis

503 3194 866 3260 Iordanicis
899 3194 1252 3277 exegisset,
1285 3204 1352 3260 et
1375 3193 1431 3233 ⁸³
1478 3194 1729 3279 Spiritu
1770 3206 2003 3260 sancto
2032 3196 2098 3259 in
2130 3194 2480 3259 columbae
2506 3196 2689 3259 simi-

351 3314 470 3367 557
499 3297 780 3363 litudine
837 3300 1120 3383 desuper
1167 3300 1393 3376 misso,
1455 3298 1894 3382 Unigenitum
1950 3308 2155 3378 tuum,
2204 3331 2230 3354 ι
2278 3300 2345 3365 in
2390 3320 2525 3383 quo
2569 3300 2691 3364 tibi

496 3404 750 3486 optime
795 3403 1272 3487 complacuisse
1314 3402 1697 3467 testimonio
1742 3402 2205 3487 subsequentis
2246 3404 2427 3467 vocis
2472 3412 2689 3467 osten-

495 3508 685 3572 deres
709 3505 778 3586 ³⁴,
822 3508 950 3572 hoc
997 3507 1157 3571 illud
1203 3528 1346 3571 esse
1398 3504 1931 3572 manifestissime
1978 3508 2461 3591 comprobare3‚
2507 3509 2689 3589 quod

494 3631 646 3676 eum
685 3612 834 3676 oleo
875 3612 1164 3676 laetitiae
1199 3631 1359 3694 prae
1403 3610 1821 3675 consortibus
1862 3611 1997 3675 suis
2038 3611 2423 3693 ungendum
2463 3612 2685 3676 David

495 3717 822 3800 propheta
850 3716 1214 3781 cecinisset.
1303 3714 1404 3779 Te
1433 3716 1633 3798 igitur
1651 3716 2101 3797 deprecamur,
2124 3716 2413 3780 Domine
2442 3723 2688 3793 sancte,

495 3822 693 3885 Pater
765 3821 1204 3903 omnipotenS‚
1263 3828 1532 3883 aeterne
1601 3819 1805 3895 DeuS,
1867 3838 1986 3901 per
2061 3818 2282 3882 Iesum
2348 3817 2687 3883 Christum

490 3924 736 3988 Filium
781 3932 972 3987 tuum
1027 3923 1396 3988 Dominum
1441 3934 1759 3999 nostrum,
1806 3931 1880 3986 ut
1923 3922 2117 3986 huius
2160 3930 2496 3986 creaturae
2539 3922 2687 4006 pin-

488 4028 846 4110 guedinem
878 4026 1292 4091 sanctificare
1320 4035 1438 4091 tua
1467 4025 1933 4092 benedictione
1964 4025 2251 4109 digneris
2280 4035 2347 4090 et
2378 4026 2444 4088 in
2476 4028 2685 4091 sancti

2759 681 2909 733 Geth.
2938 694 3017 747 75.

491 4130 779 4215 Spiritus
819 4131 1186 4196 immiscere
1207 4128 1262 4168 ³⁶
1291 4131 1606 4194 virtutem
1648 4149 1770 4211 per
1807 4131 2177 4212 potentiam
2202 4128 2256 4167 ³⁸
2287 4128 2531 4193 Christi
2570 4130 2687 4205 tui,
2733 4150 2744 4203 2

489 4257 529 4299 a
589 4236 775 4298 cuius
832 4244 1062 4300 sancto
1125 4234 1394 4298 nomine
1453 4233 1743 4297 chrisma
1759 4230 1811 4271 ³⁷
1877 4253 2121 4298 nomen
2178 4233 2447 4317 accepit,
2508 4234 2689 4297 unde

489 4338 746 4402 unxisti
783 4339 1172 4416 sacerdoteS,
1200 4358 1408 4421 reges»,
1441 4337 1821 4421 prophetas,
1851 4346 1919 4401 et
1964 4346 2289 4419 martyres
2318 4345 2471 4400 tuos
2494 4336 2569 4414 ⁸⁸,
2610 4346 2685 4401 ut

489 4443 576 4507 sit
605 4441 708 4505 his
737 4443 852 4524 qui
873 4442 1082 4505 renati
1114 4440 1354 4506 suerint
1373 4460 1461 4506 ex
1491 4460 1664 4523 aqua
1682 4449 1750 4505 et
1782 4440 2034 4523 Spiritu
2064 4449 2295 4505 sancto
2324 4439 2610 4503 chrisma
2629 4437 2683 4478 ⁸⁷

488 4546 737 4623 salutiS,
767 4566 1014 4627 eosque
1031 4554 1338 4610 aeternae
1366 4546 1542 4609 vitae
1570 4544 1921 4628 participes
1944 4553 2012 4608 et
2042 4543 2341 4608 caelestis
2357 4542 2608 4626 gloriae
2630 4544 2681 4581 ³⁹

487 4648 688 4715 facias
753 4670 900 4715 esse
959 4658 1313 4713 consortes.
1425 4649 1546 4713 Per
1604 4648 1891 4713 eundem
1951 4646 2316 4712 Dominum
2380 4656 2679 4711 nostrum

401 4768 408 4775 ·
490 4753 708 4818 Iesum
743 4751 1082 4818 Christum
1115 4751 1356 4816 Filium
1388 4762 1598 4816 tuum.
1630 4778 1670 4835 γ
