3342 5392
1277 424 1739 482 APPENDJX.
2486 433 2607 504 351

1035 585 1124 671 [tv
1150 587 1296 650 Kal.
1323 591 1480 669 Aug.
1505 591 1653 653 Nat.
1683 590 1749 652 S.
1776 577 2002 654 fetata.

613 705 674 765 S.
715 704 920 767 Felicis
961 705 1114 767 Dne.
1155 707 1444 770 confessio
1484 709 1771 769 recensita

613 804 856 865 Hostias
895 805 998 865 tibi
1040 804 1192 866 Dne.
1233 825 1343 884 pro
1382 806 1943 868 commemoratione

607 901 841 981 Repleti
881 903 1015 964 cibo
1053 914 1310 983 potuque
1351 900 1612 986 caelesti]

852 1039 958 1126 [iii
975 1043 1119 1103 Kal.
1144 1043 1304 1122 Aug.
1334 1042 1478 1105 Nal-
1507 1043 1621 1106 SS.
1650 1045 1817 1106 Abda
1841 1053 1895 1107 et
1918 1044 2140 1108 Senm‘s.

609 1156 688 1218 D.
729 1159 832 1238 qui
871 1161 1088 1220 sanctis
1127 1160 1242 1220 tuis
1280 1157 1458 1220 Abdo
1499 1170 1556 1220 et
1597 1158 1837 1222 Sennen

610 1255 862 1318 Munera
902 1259 1005 1318 tibi
1045 1258 1200 1319 Dne.
1243 1276 1353 1336 pro
1391 1268 1733 1320 sanctorum
1774 1269 2098 1338 martyrum

609 1355 902 1437 Populum
941 1366 1108 1417 tuum
1148 1355 1304 1418 Dne.
1343 1367 1623 1436 perpetua
1657 1356 2018 1442 munitione]

1097 1497 1282 1559 Hebd.
1309 1499 1394 1559 xi
1397 1505 1532 1576 post
1551 1498 1919 1562 Pentecosten.

607 1611 847 1674 Praesta
884 1630 944 1691 q.
984 1629 1044 1674 o.
1083 1623 1142 1674 et
1183 1630 1265 1672 m.
1304 1612 1384 1674 D.
1426 1622 1490 1673 ut
1529 1613 1682 1674 inter
1721 1613 1896 1676 huius

570 1711 853 1773 *Pateant
893 1729 1064 1774 aures
1105 1712 1536 1774 misericordiae
1577 1723 1713 1775 tuae

608 1808 888 1871 Concede
927 1811 1102 1872 nobis
1141 1811 1286 1872 haec
1327 1829 1387 1890 q.
1431 1811 1582 1874 Dne.
1623 1812 1995 1891 frequentare

606 1907 742 1967 VD.
785 1906 925 1968 Tibi
963 1907 1219 1969 debitam
1259 1910 1586 1971 servitutem

606 2004 726 2066 Tui
767 2006 941 2068 nobis
982 2005 1138 2067 Dne.
1179 2009 1519 2069 communio
1560 2009 1927 2070 sacramenti.

472 2144 644 2231 [Kal.
671 2145 833 2225 Aug.
861 2147 945 2206 ad
963 2145 1030 2208 S.
1056 2146 1295 2207 Petrum
1321 2146 1406 2207 ad
1439 2147 1695 2211 Vincula.
1782 2147 2026 2209 casanae
2048 2151 2167 2210 eius
2192 2149 2533 2212 osculantur.

1030 2243 1166 2324 Ipso
1191 2245 1279 2304 die
1303 2244 1447 2307 Nat.
1476 2245 1975 2310 Macbabaeorum.

605 2359 882 2422 Fraterna
918 2377 1032 2420 nos
1071 2359 1224 2422 Dne.
1263 2369 1584 2438 martyrum
1622 2372 1859 2422 tuorum

606 2459 844 2522 Praesta
883 2478 940 2538 q.
980 2458 1134 2520 Dne.
1177 2469 1242 2520 ut
1283 2460 1432 2520 sicut
1471 2460 1645 2520 nobis

567 2557 954 2618 *Intemerata
993 2559 1267 2635 mysteria
1306 2556 1460 2620 Dne.
1503 2576 1614 2636 pro
1654 2568 1990 2619 sanctorum

605 2654 740 2715 VD.
783 2654 940 2729 Quia
974 2656 1109 2716 licet
1149 2656 1214 2716 in
1253 2656 1523 2718 omnium

604 2753 845 2818 Praesta
884 2772 942 2833 q.
985 2771 1043 2815 o.
1081 2751 1159 2814 D.
1199 2763 1264 2814 ut
1303 2772 1555 2834 quorum
1595 2751 1973 2837 memoriam]

844 2897 907 2956 iv
932 2894 1088 2957 Non.
1117 2895 1275 2972 Aug.
1304 2896 1449 2957 Nat.
1478 2895 1542 2956 S.
1571 2894 1851 2975 Stephani
1870 2895 2156 2977 Episcopi.

604 3008 681 3071 D.
721 3009 826 3088 qui
865 3015 988 3070 nos'
1013 3011 1073 3071 b.
1117 3009 1398 3088 Stephani
1437 3013 1707 3089 martyris
1750 3012 1834 3071 tui

605 3104 860 3167 Munera
901 3108 1002 3167 tibi
1045 3106 1196 3168 Dne.
1241 3107 1432 3168 dicata
1472 3109 1772 3170 sanctifica

603 3205 776 3266 Haec
813 3223 924 3267 nos
962 3206 1302 3266 communio
1340 3204 1492 3266 Dne.
1532 3218 1741 3285 purget

888 3341 1034 3426 [viii
1051 3343 1145 3404 Id.
1172 3345 1328 3425 Aug.
1355 3345 1497 3408 Nat.
1530 3344 1595 3407 S.
1625 3345 1805 3408 Sixti
1822 3347 2107 3426 Episcopi.

568 3457 768 3522 *Beati
811 3460 956 3520 Sixti
998 3460 1150 3521 Dne.
1191 3460 1277 3520 tui
1319 3461 1638 3524 sacerdotis
1680 3473 1740 3524 et
1780 3466 2045 3542 martyris

567 3557 662 3620 *S.
705 3559 854 3619 Sixti
893 3559 1048 3620 Dne.
1095 3558 1458 3638 frequentata
1500 3560 1786 3621 solemnia

605 3659 848 3736 Suscipe
889 3657 1046 3719 Dne.
1085 3675 1329 3720 munera
1368 3660 1711 3738 propitiatus
1752 3659 1953 3721 oblata

565 3755 734 3816 *VD.
778 3757 852 3816 In
893 3757 988 3818 die
1028 3749 1346 3818 festivitatis
1385 3758 1703 3819 hodiernae

566 3855 836 3937 *Repleti
878 3873 1082 3918 sumus
1122 3854 1280 3917 Dne.
1323 3874 1571 3918 munere
1611 3854 2041 3941 solemnitatis]

805 3982 1043 4068 [Eodem
1071 3988 1158 4046 die
1183 3987 1328 4048 Nat.
1356 3985 1472 4050 SS.
1502 3987 1849 4049 Feltini-simi
1870 3994 1924 4050 et
1944 3989 2201 4070 Agapitt'.

601 4100 680 4162 D.
723 4102 823 4180 qui
865 4119 980 4162 nos
1021 4102 1296 4163 concedis
1337 4114 1674 4164 sanctorum
1714 4115 2034 4184 martyrum

603 4197 858 4260 Munera
896 4199 1000 4260 tibi
1041 4199 1195 4260 Dne.
1241 4210 1474 4262 nostrae
1514 4201 1843 4262 devotionis

604 4296 842 4360 Praesta
881 4317 942 4378 q.
985 4297 1137 4358 Dne.
1180 4297 1254 4357 D.
1297 4309 1494 4360 noster
1533 4309 1597 4360 ut
1640 4297 1922 4381 quorum]

889 4425 1008 4512 [vii
1027 4427 1119 4489 Id.
1147 4428 1304 4507 Aug.
1333 4429 1479 4514 Νᾳί.
1508 4428 1574 4491 S.
1602 4429 1827 4492 Donati
1848 4431 2131 4512 Epa-copi.

569 4541 678 4605 *D.
719 4553 954 4603 tuorum
993 4544 1180 4622 gloria
1221 4546 1588 4606 sacerdotum

569 4640 838 4702 *Praesta
878 4660 936 4721 q.
977 4641 1132 4703 Dne.
1173 4653 1238 4705 ut
1277 4646 1464 4705 sancti
1505 4644 1858 4705 confessoris

607 4738 683 4800 O.
728 4751 787 4800 et
828 4759 905 4799 m.
951 4740 1025 4800 D.
1067 4743 1166 4820 qui
1207 4760 1319 4803 nos
1361 4740 1885 4824 sacramentorum]

2664 600 2819 652 Gerb.
2844 617 2931 668 pp.

2668 679 2777 732 Ῑ54
2799 680 2907 732 ¹55·
2924 676 2930 684 ‘

2662 1053 2815 1104 Gerb.

2657 1134 2709 1184 Ρ·
2743 1129 2852 1182 155·

2658 1506 2927 1640 5323·

2650 2163 2806 2217 Gerb.

2651 2246 2703 2297 p.
2733 2230 2841 2296 156.

2650 2913 2805 2966 Geth.

2650 2996 2705 3047 Ρ-
2733 2990 2843 3046 1⁵7-

2652 3364 2805 3416 Gerb.
2830 3379 2919 3430 pp.

2654 3443 2675 3480 1
2685 3441 2765 3496 57,
2789 3444 2809 3478 1
2819 3433 2898 3495 58.

2648 4006 2802 4057 Gerb.
2826 4024 2914 4073 pp.

2654 4073 2767 4137 158,
2785 4085 2805 4120 ι
2813 4086 2895 4138 59.

2650 4449 2804 4502 Gerb.

2650 4531 2701 4582 Ρ·
2730 4530 2841 4582 159·
