3342 5392
737 425 864 494 154
1295 417 1552 472 LIBER
1592 418 1644 471 S
1643 417 1755 473 Ac
1752 417 1860 471 RA
1868 417 2117 472 MENT
2116 417 2363 473 ORUM
2772 417 2840 483 [1.
2864 420 2935 468 ei.

731 583 895 648 citer
938 592 1309 658 exorantes»,
1358 591 1430 646 ut
1473 582 1660 649 cuius
1706 581 2043 647 ministerii
2086 583 2231 648 vice
2274 581 2397 647 tibi
2438 579 2757 644 servimus
2800 580 2931 644 irn-

733 686 968 762 meriti,
997 685 1325 770 suffragiis
1356 685 1496 750 eius
1525 686 1880 750 reddamur
1902 685 1928 724 ⁶
1958 685 2211 768 accepti
2233 683 2281 748 ⁷.
2373 686 2513 749 Per.

1539 830 1735 888 Iun-a
1762 831 2117 888 notionem.

372 955 511 1005 Men.
538 965 648 1018 227.
821 943 1016 1009 Hanc
1046 965 1311 1028 quoque
1329 945 1356 985 ⁸
1385 944 1811 1022 oblationem,
1841 964 2045 1027 quam
2068 943 2275 1009 offero
2298 964 2423 1028 ego
2454 953 2609 1008 tuus
2640 941 2929 1008 famulus

732 1057 800 1112 et
830 1049 1138 1114 sacerdos
1165 1049 1253 1114 ob
1282 1049 1463 1114 diem
1495 1049 1563 1112 in
1595 1069 1731 1131 quo
1763 1068 1869 1112 me
1904 1048 2217 1130 dignatus
2242 1067 2314 1112 es
2346 1047 2709 1112 ministerio
2738 1066 2931 1110 sacro

731 1152 1132 1217 constituere
1161 1154 1589 1230 sacerdotem,
1618 1153 1917 1231 obsecr0,
1950 1152 2257 1230 Domine,
2288 1151 2591 1234 placatus
2620 1151 2927 1233 accipias,

735 1255 937 1320 Unde
977 1256 1394 1323 maiestatem
1440 1266 1626 1321 tuam
1669 1256 1957 1339 supplex
2001 1276 2209 1320 exoro
2230 1255 2255 1292 ⁹
2300 1265 2377 1320 ut
2419 1255 2599 1337 quod
2638 1253 2705 1318 in
2750 1273 2858 1317 me
2874 1251 2931 1290 ¹⁰

733 1358 954 1442 largiri
1013 1360 1326 1444 dignatus
1387 1382 1475 1438 es,
1534 1360 1863 1443 propitius
1924 1360 2257 1424 custodire
2314 1359 2603 1442 digneris
2625 1355 2697 1420 ¹¹.
2805 1357 2932 1420 Per

734 1460 1073 1528 Christum
1106 1463 1474 1528 Dominum
1505 1473 1824 1528 nostrum.
1912 1461 2135 1546 Quam
2172 1463 2598 1528 oblationem.

1573 1609 2077 1666 Postoommun.

375 1733 512 1782 Men.
541 1732 649 1781 228.
825 1719 1232 1804 Repleantur
1287 1720 1855 1786 consolationibus
1920 1723 2073 1800 tuiS,
2138 1720 2447 1798 Domine,
2510 1741 2932 1804 quaoeumuS,

372 1797 635 1927 ἕξω·
735 1834 1004 1889 tuorum
1057 1825 1258 1889 corda
1305 1824 1620 1900 fidelium,
1673 1827 2056 1909 pariterque
2106 1826 2309 1889 etiam
2362 1836 2431 1890 et
2482 1825 2569 1890 de
2616 1825 2934 1891 ecclesiae

735 1926 1053 2013 praesule,
1122 1937 1190 1993 et
1250 1929 1338 1994 de
1396 1949 1665 1994 suorum
1725 1939 2037 1994 votorum
2098 1929 2512 2012 plenitudine
2568 1931 2931 2012 gratiarum

735 2033 1021 2097 referant
1049 2031 1343 2097 actiones
1356 2028 1410 2069 ¹¹
1519 2032 1657 2098 Per.

799 2187 817 2216 ¹
853 2186 977 2236 This
999 2185 1158 2236 Min·
1179 2185 1504 2272 corresponds
1525 2203 1643 2250 very
1664 2185 1849 2249 closely
1870 2186 1991 2236 with
2013 2185 2100 2236 the
2118 2185 2285 2235 Missa
2304 2186 2517 2252 propria
2540 2187 2597 2235 in
2628 2187 2709 2236 die
2728 2187 2935 2236 ordina-

735 2251 890 2302 tionis
910 2267 1032 2301 suae
1051 2252 1104 2300 in
1127 2250 1376 2300 Menard’s
1403 2251 1792 2315 Sammenmry.
1993 2249 2243 2301 'intende
2264 2253 2432 2310 Men-3
2466 2253 2531 2301 V.
2554 2252 2707 2300 Leom
2732 2268 2789 2301 as
2810 2261 2933 2303 text.

735 2317 915 2382 ’quae
937 2317 1000 2366 V.
1214 2317 1236 2348 ⁴
1269 2317 1424 2366 Leon.
1448 2317 1598 2367 omits
1616 2323 1749 2368 tuae.
1960 2316 1980 2346 ⁸
2010 2317 2297 2366 celebranda
2319 2318 2383 2367 V.
2599 2314 2935 2366 ‘reddantur

737 2383 892 2432 Leon.
915 2382 1200 2446 (wrongly).
1441 2379 1460 2408 ⁷
1492 2383 1697 2446 acceptis
1720 2382 1783 2431 V.
2018 2381 2224 2432 ‘Hanc
2244 2398 2451 2448 quoque,
2473 2397 2531 2432 so
2556 2383 2648 2442 V.·
2682 2383 2814 2433 Men.
2839 2382 2934 2433 has

735 2449 889 2498 Hanc
911 2448 1090 2511 ἐρίων.
1220 2446 1241 2475 ’
1271 2446 1512 2511 suscipias
1525 2463 1548 2506 ;
1582 2449 1885 2496 maisstatem
1907 2455 2051 2497 tuam
2072 2447 2281 2512 supplex
2298 2464 2509 2498 exorans
2532 2447 2667 2497 Men.
2802 2447 2840 2478 ¹·
2872 2456 2935 2497 ut

739 2514 796 2561 in
831 2528 908 2561 nae
937 2512 1070 2577 quod
1099 2514 1232 2562 Men.
1431 2511 1467 2540 ¹²
1503 2513 1638 2562 Men.
1671 2513 1775 2562 like
1810 2513 1871 2560 V.
1905 2527 2064 2562 seems
2094 2522 2149 2562 to
2184 2514 2355 2577 ignore
2387 2514 2473 2563 the
2508 2513 2675 2563 clause
2711 2513 2933 2580 Diesque

739 2583 938 2628 nostros.
1115 2575 1154 2606 ¹²
1185 2578 1424 2627 actionem
1447 2577 1613 2634 Mena
1648 2577 1712 2628 V.
1736 2594 1791 2627 as
1812 2585 1931 2627 text.
1996 2577 2107 2629 The
2130 2577 2338 2643 parallel
2358 2577 2575 2630 collect
2560 2593 2609 2628 ιιι
2632 2577 2788 2628 Leon.
2810 2579 2933 2642 only

737 2658 908 2707 agrees
929 2643 1051 2692 with
1071 2643 1255 2692 thatin
1277 2642 1364 2693 the
1384 2651 1488 2692 text
1508 2659 1564 2692 as
1585 2643 1785 2706 regards
1804 2643 1870 2693 its
1890 2643 1996 2694 first
2020 2643 2223 2694 clauses.

1780 2936 1889 2992 01.

741 3066 932 3130 ITEM
967 3080 1048 3130 m
1084 3067 1510 3130 NATALITIO
1547 3065 1914 3145 EPISCOPI,
1944 3078 2010 3130 SI
2052 3079 2423 3132 mmeJs
2465 3079 2622 3132 Au‘r
2656 3081 2933 3133 ABSENS

911 3183 1210 3248 FUERrr,
1252 3183 1638 3248 QUALITER
1677 3170 2107 3234 PRESBYTER
2152 3183 2451 3234 DEBEAT
2491 3183 2931 3236 CELEBRARE

912 3287 1214 3340 MISSAM.

379 3427 534 3475 Leon.
556 3421 670 3489 4²⁶·
827 3413 1114 3486 Praesta,
1173 3429 1589 3494 quaesumuS,
1648 3411 2073 3495 omnipotens
2130 3412 2525 3494 sempiterne
2593 3412 2797 3490 Deus,
2856 3423 2934 3476 ut

738 3513 1042 3580 fidelibus
1086 3516 1218 3579 tuis
1263 3514 1641 3578 ordinatum
1687 3517 2125 3598 praebeamus
2166 3513 2501 3596 affectum,
2541 3517 2767 3599 eisque
2808 3537 2931 3580 nos

737 3619 1039 3685 similiter
1089 3618 1392 3701 spiritum
1445 3627 1747 3682 sanctum
1798 3619 2163 3703 diligendi¹
2212 3620 2537 3702 benignus
2590 3621 2864 3685 infunde
2886 3618 2931 3684 ².

748 3724 892 3788 Per.

1688 3817 1979 3876 Secreta.
2964 3830 3105 3888 623

827 3930 956 4006 Da,
1017 3947 1433 4012 quaesumus»,
1491 3929 1914 4012 omnipotens
1978 3931 2183 4008 Deus,
2243 3942 2315 3996 ut
2376 3931 2443 3996 in
2501 3943 2617 3997 tua
2682 3954 2801 4017 spe
2863 3944 2935 3999 et

739 4034 1016 4101 caritate
1073 4033 1325 4098 sincera
1383 4031 1771 4098 sacrificium
1832 4035 1954 4099 tibi
2022 4034 2359 4118 placatum
2420 4035 2795 4101 deferamus
2863 4048 2933 4101 et

739 4138 954 4223 plebis
978 4136 1004 4175 ³
1035 4147 1103 4202 et
1131 4136 1471 4220 praesulis,
1561 4137 1705 4200 Per.

1539 4297 1736 4356 Intra
1762 4299 2121 4358 sotionem.

831 4409 1024 4476 Hanc
1055 4411 1258 4493 igitur
1278 4411 1685 4478 oblationem
1710 4415 1918 4478 sancti
1942 4414 2147 4496 patris
2178 4413 2383 4478 nostri
2401 4413 2598 4479 Illius
2619 4415 2935 4498 episcopi,

741 4535 941 4598 quam
989 4515 1114 4580 tibi
1167 4515 1502 4580 offerimus
1560 4517 1648 4580 ob
1700 4518 1879 4582 diem
1926 4537 2059 4600 quo
2111 4537 2262 4582 eum
2312 4518 2673 4602 pontificali
2731 4520 2931 4583 bene-

741 4619 1030 4684 dictione
1081 4620 1306 4685 ditasti
1357 4619 1797 4704 [quaesumus,
1849 4620 2157 4699 Domine,
2199 4620 2501 4704 placatus
2552 4624 2832 4706 accipias
2859 4620 2933 4706 ⁴].

744 4722 996 4787 Praebe
1024 4723 1101 4803 ei,
1133 4743 1548 4806 quaesumus,
1580 4725 1819 4789 aetatis
1850 4725 2066 4808 spatia
2095 4725 2476 4809 prolixiora,
2506 4727 2689 4792 cuius
2721 4747 2937 4791 sacer-
