3342 5392
707 445 836 514 324
1575 437 2037 494 APPENDJX.

343 601 495 656 Gerb.
513 619 561 670 p.
578 605 660 656 28.
1339 597 1426 682 [iv
1455 599 1546 662 Id.
1575 599 1713 662 Feb.
1742 601 1888 662 Nat.
1917 601 1981 662 S.
2010 599 2277 662 Solherrssr.

909 717 1147 778 Praesta
1189 735 1246 798 q.
1289 736 1347 779 o.
1389 717 1466 779 D.
1503 729 1568 778 ut
1609 729 1843 782 sanctae
1888 719 2145 781 Sotheris

907 816 1117 876 Preces
1157 827 1384 876 nostras
1425 836 1483 895 q.
1527 815 1683 878 Dne.
1723 819 2067 897 propitiatus

907 913 1161 976 Sanctae
1203 913 1462 976 Sotheris
1499 917 1775 994 precibus
1813 913 2207 998 confidentes]

344 1086 557 1152 Gerb.p.
574 1085 651 1137 28.
1051 1076 1288 1164 [Eodem
1316 1081 1405 1140 dt?
1429 1081 1574 1142 Nat.
1603 1080 1723 1143 SS.
1756 1081 1955 1156 Zoticz',
1986 1082 2235 1142 mrem·
2253 1087 2307 1140 et
2330 1079 2563 1140 Iaa'utae’.

905 1193 1064 1255 ‘Dne.
1105 1195 1180 1256 D.
1222 1205 1420 1258 noster
1461 1195 1787 1276 multiplica
1826 1215 2001 1276 super
2046 1215 2161 1259 nos

909 1293 1154 1372 Suscipe
1192 1311 1252 1370 q.
1291 1292 1444 1354 Dne.
1483 1312 1729 1356 munera
1768 1295 1969 1374 populi
2008 1297 2091 1356 tui

869 1391 1268 1454 *sacramenti
1309 1393 1390 1452 tui
1431 1390 1586 1454 Dne.
1625 1413 1687 1474 q.
1731 1403 1965 1473 sumpta
2004 1390 2360 1475 benedictio]

343 1564 498 1616 Gerb.
1272 1558 1576 1620 Domt'm’ca
1619 1559 1714 1621 VI
1714 1567 1849 1640 post
1876 1559 2301 1639 mopham‘am.

343 1647 428 1696 pp.
457 1632 536 1694 ’δ’
559 1645 634 1698 '⁹'
871 1673 1210 1736 *Conserva
1247 1675 1530 1754 populum
1571 1685 1737 1736 tuum
1777 1675 1853 1735 D.
1895 1687 1954 1737 et
1993 1689 2095 1737 tuo
2135 1676 2356 1736 nomini

873 1772 1147 1834 *Praesta
1185 1793 1244 1852 q.
1286 1791 1345 1833 o.
1387 1773 1466 1835 D.
1505 1783 1574 1834 ut
1610 1791 1843 1853 semper
1882 1775 2239 1837 rationabilia

904 1871 1074 1932 Haec
1114 1871 1335 1932 oblatio
1375 1871 1454 1932 D.
1496 1873 1743 1933 mundet
1785 1891 1898 1934 nos

869 1969 1042 2034 ΛΠ).
1082 1969 1182 2030 Ad
1221 1970 1386 2031 cuius
1425 1971 1777 2032 immensam

911 2067 1271 2129 Caelestibus
1311 2067 1464 2130 Dne.
1504 2071 1657 2147 pasti
1699 2069 1918 2130 deliciis

909 2166 1134 2228 Adesto
1175 2165 1328 2227 Dne.
1370 2167 1638 2228 fidelibus
1678 2169 1794 2228 tuis

345 2341 558 2407 Gerb.p.
577 2355 652 2406 ²9·
747 2328 896 2414 [xvi
916 2332 1060 2393 Kal.
1089 2331 1279 2392 Mart.
1305 2332 1451 2394 Nat.
1479 2333 1595 2395 SS.
1639 2334 1933 2408 Valentini,
1978 2334 2195 2405 Ve'talaelr,
2222 2333 2503 2393 Fae'lzkulae
2528 2342 2583 2392 et
2604 2332 2890 2396 Zenonis.

907 2449 1178 2509 Tuorum
1218 2466 1330 2510 nos
1370 2448 1522 2509 Dne.
1563 2469 1622 2528 q.
1665 2451 1937 2528 precibus
1976 2460 2141 2511 tuere
2182 2461 2518 2510 sanctorum

871 2547 1003 2606 *Ad
1045 2556 1362 2626 martyrum
1405 2559 1642 2608 tuorum
1684 2547 1996 2623 Valentini,
2040 2549 2157 2608 Vit.
2200 2548 2263 2606 F.
2302 2559 2361 2607 et
2406 2548 2542 2608 Zen.

871 2645 1154 2723 *protege
1193 2645 1348 2706 Dne.
1388 2646 1622 2724 plebem
1661 2657 1825 2707 tuam
1865 2659 1923 2708 et
1964 2647 2027 2706 in
2065 2643 2393 2728 festivitate]

348 2821 497 2872 Gerb.
513 2838 562 2886 p.
577 2833 653 2886 29·
1252 2809 1392 2896 [xiv
1419 2811 1562 2872 Kal.
1590 2812 1783 2873 Mart.
1810 2813 1957 2875 Nat.
1989 2813 2057 2874 S.
2082 2813 2365 2874 Iulianae.

911 2929 986 2990 Ο.
1035 2947 1080 2989 S.
1123 2928 1200 2988 D.
1243 2929 1344 3007 qui
1385 2928 1550 3006 eligis
1589 2929 1821 2988 infirma
1862 2930 2069 2990 mundi

911 3027 984 3086 In
1027 3037 1264 3087 sanctae
1305 3037 1475 3087 mart.
1514 3038 1648 3086 tuae
1692 3026 1951 3087 Iulianae

875 3125 1189 3186 *Libantes
1231 3123 1386 3186 Dne.
1425 3142 1666 3185 mensae
1706 3136 1839 3186 tuae
1881 3127 1938 3186 b.
1982 3121 2286 3206 mysteria]

347 3303 503 3354 Gerb.
517 3315 656 3367 p.3o.
1239 3293 1353 3351 viii
1370 3290 1514 3351 Kal.
1542 3289 1735 3350 [Uari.
1770 3291 2056 3352 Catbedra
2084 3289 2149 3352 S.
2179 3291 2359 3349 Petri.

912 3408 1078 3468 Deus
1117 3408 1218 3484 qui
1259 3408 1318 3465 b.
1359 3406 1629 3484 apostolo
1669 3415 1773 3466 tuo
1814 3405 1987 3468 Petro

913 3506 1212 3566 Ecclesiae
1254 3514 1387 3564 tuae
1427 3524 1484 3582 q.
1532 3502 1687 3564 Dne.
1730 3522 1932 3582 preces
1971 3515 2030 3564 et
2072 3504 2289 3564 hostias

877 3604 1050 3664 ΛΗ).
1093 3603 1187 3662 Te
1229 3603 1467 3662 laudare
1506 3602 1831 3663 mirabilem
1872 3604 1934 3661 in
1977 3605 2193 3663 sanctis

915 3702 1214 3763 Laetificet
1253 3719 1364 3761 nos
1405 3701 1556 3761 Dne.
1599 3719 1813 3760 munus
1854 3700 2117 3760 oblatum

350 3886 502 3936 Gerb.
519 3901 568 3950 p.
581 3897 661 3947 30.
1065 3867 1250 3952 [Non.
1277 3868 1471 3930 Mart.
1498 3870 1644 3930 Nat.
1673 3867 1790 3930 SS.
1819 3867 2127 3945 Perpetuae
2152 3875 2204 3927 et
2226 3867 2553 3926 Felaektrataezv.

915 3985 1012 4046 Da
1052 3986 1225 4046 nobis
1267 3983 1417 4044 Dne.
1457 3983 1534 4044 D.
1576 3996 1775 4044 noster
1814 3995 2147 4044 sanctorum
2188 3991 2501 4058 martyrum
2542 3981 2781 4059 palmas

913 4083 1164 4144 Intende
1205 4082 1359 4143 Dne.
1400 4101 1647 4141 munera
1688 4100 1744 4160 q.
1786 4082 2061 4142 altaribus

911 4182 1150 4243 Praesta
1190 4182 1362 4242 nobis
1403 4181 1556 4241 Dne.
1595 4201 1654 4259 q.
1698 4175 2215 4260 intercedentibus]

350 4365 487 4414 Gerb
1199 4351 1259 4408 iv
1286 4347 1380 4408 Id.
1411 4347 1599 4407 Mart.
1629 4347 1773 4407 Nat.
1802 4345 1867 4407 S.
1904 4344 2181 4422 Gregorii
2202 4344 2413 4421 Papae.

352 4445 436 4494 pp.
464 4445 544 4493 30'
561 4443 638 4494 δι’
915 4465 1193 4529 Concede
1235 4482 1292 4542 q.
1333 4463 1487 4523 Dne.
1527 4461 1795 4522 fidelibus
1831 4461 1943 4522 tuis
1982 4461 2157 4537 digne
2201 4459 2258 4520 S.
2300 4457 2569 4533 Gregorii

917 4566 1050 4625 Has
1089 4564 1308 4626 hostias
1349 4562 1501 4623 Dne.
1545 4579 1694 4641 quas
1735 4560 1957 4620 nomini
2000 4569 2101 4619 tuo

879 4663 1052 4724 *VD.
1093 4661 1252 4736 Quia
1293 4663 1374 4722 sic
1415 4661 1618 4720 tribuis
1657 4658 1961 4719 ecclesiam
2002 4668 2161 4718 tuam

917 4762 1216 4822 Praestent
1258 4759 1409 4820 Dne.
1453 4777 1508 4837 q.
1553 4771 1652 4820 tua
1696 4767 1897 4819 sancta
1937 4756 2287 4836 praesidium
