3342 5392
671 423 804 492 344
1539 417 1999 474 APPENDIX.

877 579 1010 639 VD.
1049 581 1171 654 Qui
1213 581 1538 642 ascendens
1577 599 1753 660 super
1792 601 2001 643 omnes
2040 584 2235 645 caelos

877 677 1396 742 communicantes
1433 689 1494 739 et
1531 679 1691 740 diem
1732 682 2185 741 sacratissimum
2228 727 2241 741 .
2288 729 2301 742 .
2347 729 2361 744 .
2405 683 2857 764 praevenientes

875 776 1055 836 Hanc
1095 777 1268 854 igitur
1307 777 1670 838 oblationem
1712 780 1999 840 servitutis
2040 789 2277 840 nostrae

875 873 1114 936 Praesta
1151 894 1210 956 q.
1251 893 1311 936 o.
1353 875 1431 936 D.
1473 887 1537 938 ut
1577 877 1823 956 Spiritus
1864 875 2155 962 [sanctus]

307 1071 462 1122 Gerb.
487 1087 574 1138 pp.
1159 1055 1329 1140 [Item
1369 1061 1490 1118 alia
1525 1059 1728 1120 Mksa
1754 1059 1852 1140 (δ’
1876 1061 2026 1122 adds
2052 1060 2177 1142 Ity]
2206 1061 2403 1142 Ebd).

314 1142 556 1204 ¹²⁵‘¹²⁸’
871 1175 1090 1235 Annue
1131 1195 1214 1236 m.
1255 1175 1334 1236 D.
1379 1187 1444 1236 ut
1483 1177 1586 1255 qui
1623 1177 1823 1240 divina

876 1273 1120 1334 Hostias
1161 1275 1365 1353 populi
1407 1276 1490 1335 tui
1529 1295 1590 1356 q.
1623 1275 1781 1336 Dne.
1820 1278 2127 1338 miseratus

835 1372 1004 1432 *VD.
1047 1372 1168 1446 Qui
1211 1386 1636 1434 sacramentum
1676 1374 1951 1452 paschale

871 1472 1069 1532 Sacris
1107 1473 1450 1534 caelestibus
1491 1473 1646 1534 Dne.
1690 1474 1827 1534 vitia
1866 1484 2067 1534 nostra
2104 1471 2451 1556 purgentur]

307 1667 460 1717 Gerb.
483 1684 573 1733 pp.
1143 1653 1263 1715 Die
1295 1663 1492 1716 sancto
1529 1655 1873 1718 Pentecoste-s·
1910 1657 1991 1716 ad
2026 1656 2093 1718 S.
2132 1657 2391 1720 Petrum.

312 1731 422 1796 ¹²⁶’
445 1747 558 1800 ¹²⁷·
876 1770 952 1830 D.
987 1771 1092 1848 qui
1131 1771 1418 1831 hodierna
1457 1772 1552 1832 die
1594 1773 1775 1832 corda
1814 1773 2075 1832 fidelium

871 1865 950 1926 O.
989 1885 1040 1928 S.
1079 1866 1160 1928 D.
1199 1869 1300 1945 qui
1343 1867 1614 1946 paschale
1657 1881 2083 1929 sacramenuun
2124 1870 2543 1950 quinquaginta

875 1964 1126 2024 Munera
1167 1965 1325 2026 Dne.
1367 1985 1424 2043 q.
1466 1967 1662 2027 oblata
1702 1969 2004 2028 sanctifica

839 2062 1010 2121 *VD.
1053 2063 1210 2135 Quia
1251 2063 1428 2124 hodie
1469 2081 1517 2124 S.
1563 2065 1809 2143 Spiritus

872 2161 1392 2222 Communicantes
1433 2173 1492 2222 et
1533 2163 1692 2222 diem
1724 2207 1743 2224 .
1786 2208 1801 2224 .
1846 2207 1861 2224 .
1900 2164 2260 2226 celebrantes

874 2261 1056 2321 Hanc
1095 2261 1271 2338 igitur
1315 2259 1407 2340 (ut
1443 2259 1670 2341 supra.)

873 2359 934 2418 S.
975 2359 1222 2436 Spiritus
1263 2358 1416 2420 Dne.
1457 2359 1641 2420 corda
1680 2369 1881 2420 nostra
1920 2363 2167 2422 mundet
2204 2363 2416 2424 infusio

875 2458 1115 2520 Praesta
1151 2476 1212 2538 q.
1253 2457 1412 2518 Dne.
1457 2468 1519 2518 ut
1561 2477 1599 2518 a
1637 2460 1853 2519 nostris
1894 2461 2183 2521 mentibus

1511 2641 1684 2702 Alias
1724 2644 2013 2704 orattbnes.

875 2757 952 2816 D.
997 2758 1098 2836 qui
1139 2767 1505 2817 sacramento
1543 2757 1863 2818 festivitatis

881 2853 1028 2938 [ffl-
1067 2857 1168 2934 qui
1211 2855 1508 2933 discipulis
1547 2858 1659 2915 tuis
1704 2857 1981 2935 Spiritum
2021 2855 2315 2939 sanctum]

878 2955 956 3015 O.
995 2973 1047 3017 S.
1089 2954 1168 3014 D.
1205 2954 1400 3016 deduc
1439 2973 1552 3016 nos
1591 2955 1672 3016 ad
1714 2957 2055 3016 societatem

877 3053 1154 3114 Concede
1195 3054 1368 3114 nobis
1409 3071 1488 3116 m.
1527 3051 1606 3116 D.
1647 3063 1713 3114 ut
1754 3055 1901 3114 sicut
1938 3056 2001 3114 in
2040 3055 2283 3117 nomine

305 3257 459 3306 Gerb.
1397 3233 1581 3295 Fert'a
1621 3237 1687 3297 ii.
1766 3236 1875 3296 Ad
1909 3238 2150 3299 vincula.

307 3339 358 3388 Ρ·
385 3325 496 3372 ¹²8·
878 3352 953 3412 D.
995 3353 1096 3430 qui
1135 3353 1418 3430 apostolis
1456 3352 1568 3412 tuis
1611 3370 1658 3412 s.
1702 3351 1908 3413 dedisti
1952 3351 2229 3430 Spiritum

873 3451 1164 3528 Propitius
1203 3450 1358 3512 Dne.
1400 3469 1458 3528 q.
1499 3451 1645 3510 haec
1690 3451 1847 3510 dona
1888 3451 2185 3512 sanctifica.

873 3549 1100 3610 Adesto
1139 3547 1292 3608 Dne.
1333 3567 1394 3631 q.
1437 3549 1660 3626 populo
1705 3559 1807 3608 tuo
1848 3560 1905 3608 et
1946 3567 2123 3626 quem

307 3749 462 3799 Gerb.
1069 3763 1078 3772 ·
1243 3717 1342 3803 [F
1332 3724 1454 3781 cria
1496 3724 1580 3782 iii.
1661 3721 1771 3781 Ad
1802 3721 1868 3783 S.
1908 3723 2298 3786 Anastasiam.

309 3831 360 3880 Ρ·
392 3815 502 3864 ¹²⁸·
876 3837 1043 3898 Adsit
1083 3838 1258 3897 nobis
1296 3837 1451 3900 Dne.
1499 3858 1556 3918 q.
1597 3839 1779 3900 virtus
1822 3839 2069 3918 Spiritus
2110 3839 2291 3899 sancti

879 3936 1146 3996 Purificet
1187 3953 1298 3996 nos
1341 3935 1492 3996 Dne.
1537 3939 1797 3998 muneris

879 4034 1113 4096 Mentes
1153 4047 1380 4096 nostras
1418 4053 1476 4112 q.
1518 4035 1670 4098 Dne.
1714 4036 1964 4118 Spiritus
2004 4031 2273 4117 sanetus]

312 4237 466 4286 σαι),
488 4252 576 4301 pp,
1320 4208 1503 4270 Feria
1544 4213 1621 4270 iv.
1704 4211 1813 4270 Ad
1847 4210 1912 4272 S.
1952 4209 2235 4270 Mariam.

319 4303 430 4364 ¹²3’
449 4315 557 4366 ¹²9·
878 4325 1118 4386 Mentes
1157 4335 1386 4386 nostras
1425 4345 1486 4404 q.
1529 4325 1684 4386 Dne.
1728 4325 1975 4404 Spiritus
2016 4324 2331 4385 Paraclitus

875 4423 1116 4486 Praesta
1154 4443 1215 4502 q.
1259 4444 1316 4485 o.
1359 4433 1416 4484 et
1457 4443 1536 4486 m.
1579 4423 1654 4483 D.
1698 4435 1763 4485 ut
1804 4425 2051 4502 Spiritus
2090 4432 2325 4482 sanctus

879 4523 1098 4599 Accipe
1137 4541 1196 4599 q.
1239 4522 1393 4583 Dne.
1433 4541 1648 4582 munus
1688 4522 1949 4583 oblatum
1986 4532 2047 4604 et
2086 4521 2388 4598 dignanter

879 4619 1085 4703 [⁴¹VD.
1126 4621 1268 4681 Post
1300 4621 1429 4681 illos
1469 4622 1624 4680 enim
1667 4621 1913 4680 laetitiae
1954 4615 2104 4700 dies]

879 4719 1190 4780 Sumentes
1231 4719 1383 4780 Dne.
1425 4719 1695 4781 caelestia
1734 4728 2099 4780 sacramenta.
