3342 5392
271 1558 392 1616 635

417 423 484 472 11.
511 420 570 485 ὶ.]
1031 419 1459 475 ROMANAE
1501 418 1989 477 ECCLESIAE.
2486 413 2601 476 161

1206 1097 1616 1178 LIBER
1686 1099 1817 1181 ll.

1343 1473 1695 1557 Α-Ι-Ω,

981 1647 1289 1698 INCIPIT
1333 1649 1568 1699 LIBER
1625 1649 1720 1698 SE
1725 1649 1771 1700 C
1775 1649 1935 1702 UND
1946 1649 2047 1702 US.

483 1763 620 1814 ORA
637 1764 720 1814 TI
716 1764 912 1814 ONES
951 1765 1004 1814 E
1012 1765 1065 1814 T
1097 1765 1251 1815 PRE
1255 1767 1297 1816 C
1296 1766 1393 1816 ES
1431 1766 1540 1816 DE
1583 1767 1689 1816 NA
1703 1766 2039 1817 TALITIIS
2076 1766 2419 1817 SANCTOR
2429 1767 2555 1818 Uin.

1480 2094 1539 2150 1.

652 2225 1196 2289 ΒΕΝυΝΤῙΑΤῙο
1240 2225 1647 2290 NATALITII
1693 2239 1923 2292 umus
1968 2227 2387 2293 MARTYRIS.

508 2363 788 2428 Noverit
831 2373 1052 2427 vestra
1102 2363 1388 2441 devoti0,
1438 2364 1832 2428 sanctissimi
1892 2363 2142 2445 fratres,
2201 2366 2380 2449 quod
2440 2365 2621 2432 beati

426 2467 730 2549 martyris
774 2466 968 2530 Illius
1004 2466 1482 2531 anniversarius
1520 2468 1662 2532 dies
1703 2468 1922 2547 intrat,
1966 2489 2100 2552 quo
2118 2467 2143 2507 ¹
2185 2470 2435 2535 diaboli
2474 2479 2622 2536 ten-

422 2571 708 2635 tationes
737 2590 1143 2654 exsuperans
1174 2570 1616 2636 universitatis
1649 2571 1949 2637 Creatori
1987 2573 2273 2656 gloriosa
2317 2575 2625 2658 passione

423 2669 842 2760 [coniunctus
858 2670 884 2709 ²
913 2683 1034 2738 est.
1115 2670 1310 2760 (Item
1325 2674 1683 2757 pluraliter
1706 2674 1863 2758 Quo
1884 2675 1911 2713 ³
1942 2676 2190 2741 diaboli
2212 2686 2626 2742 tentamenta

422 2775 760 2842 vincentes
797 2777 1234 2843 universitatis
1268 2776 1567 2843 Creatori
1596 2777 1888 2863 gloriosa
1919 2775 2252 2868 passione]
2292 2782 2626 2847 coniuncti

423 2877 623 2966 sunt.)
713 2880 1008 2964 Ideoque
1052 2882 1417 2946 Dominum
1455 2882 1905 2948 collaudemus
1926 2881 1971 2962 ⁴,
2011 2884 2123 2968 qui
2166 2893 2268 2948 est
2307 2885 2627 2950 mirabilis

425 2985 492 3049 in
522 2984 766 3050 sanctis
799 2985 970 3050 suis:
1017 2992 1092 3048 ut
1122 2985 1236 3068 qui
1268 2984 1398 3050 illis
1432 2987 1745 3051 victoriae
1779 3007 2093 3051 coronam
2126 2987 2406 3054 contulit
2437 2988 2625 3052 nobis

427 3109 656 3154 eorum
704 3089 957 3153 meritis
1001 3087 1392 3154 delictorum
1439 3088 1917 3173 indulgentiam
1965 3090 2295 3174 largiatur.
2388 3091 2466 3155 In
2514 3091 2626 3156 illo

427 3193 626 3275 igitur
652 3191 801 3258 loco
831 3189 960 3278 (vel
993 3192 1060 3256 in
1092 3193 1212 3257 illa
1245 3193 1352 3257 via
1369 3189 1424 3278 ⁶)
1465 3193 1586 3257 illa
1629 3193 1789 3259 feria
1828 3193 1997 3260 hanc
2028 3196 2307 3259 eandem
2328 3195 2353 3232 ⁶
2384 3195 2624 3260 festivi-

427 3306 635 3361 tatem
664 3295 865 3362 solita
885 3293 911 3334 ⁷
943 3297 1296 3362 devotione
1325 3295 1751 3362 celebremus

537 3487 1085 3552 DENUNTIATIO
1131 3499 1354 3564 QUUM
1403 3499 1817 3562 RELIQUIAE
1860 3498 2271 3552 PONENDAE
2314 3502 2509 3554 SUNT

1293 3590 1760 3657 MARTYRUM.

516 3719 947 3784 Dilectissimi
976 3719 1228 3798 fratres,
1259 3719 1426 3784 inter
1455 3729 1716 3785 caetera
1745 3720 2067 3784 uirtutum
2098 3721 2433 3798 solemnia,
2456 3740 2629 3804 quae

425 3825 514 3890 ad
563 3823 842 3907 gloriam
889 3825 1222 3906 pertinent
1269 3823 1512 3889 Christi
1560 3823 1837 3889 Domini
1882 3825 2089 3890 nostri
2138 3824 2265 3890 hoc
2316 3826 2627 3908 quoque⁸

427 3929 763 4014 praestitit
813 3928 1232 4011 martyribuS,
1283 3929 1398 4013 qui
1458 3948 1584 4012 pro
1628 3929 1957 3993 nominis⁹
2020 3929 2159 3993 eius
2216 3928 2627 3994 consessione

429 4043 643 4098 morte
689 4042 998 4115 suscepta
1041 4033 1351 4098 caelestia
1394 4033 1691 4115 praemia
1735 4042 2155 4111 meruerunt3
2207 4044 2283 4097 ut
2329 4031 2625 4097 fidelium

426 4138 602 4203 votis
641 4156 866 4201 eorum
913 4135 1262 4220 praeclaris
1307 4137 1596 4219 reliquiis
1640 4136 1983 4202 collocatis
2028 4136 2368 4220 integritas
2414 4137 2626 4202 sancti

429 4239 724 4324 corporis
752 4261 894 4305 esse
925 4241 1245 4306 credatur.
1308 4240 1399 4304 Et
1426 4239 1575 4304 ideo
1603 4259 2104 4304 commonemus
2121 4239 2173 4278 ¹⁰
2204 4239 2627 4304 dilectionem

430 4354 744 4418 vestram,
775 4345 1091 4426 quoniam
1129 4343 1249 4409 illa
1280 4343 1439 4408 feria
1469 4342 1578 4408 illo
1616 4341 1765 4408 loco
1803 4343 2117 4427 reliquiae
2146 4352 2300 4407 sunt
2319 4342 2371 4381 ¹¹
2416 4343 2627 4408 sancti

430 4448 625 4513 Illius
656 4448 966 4531 martyris
995 4447 1416 4513 collocandae
1435 4445 1524 4510 ¹¹:
1571 4467 1971 4531 quaesumus
2013 4458 2089 4511 ut
2119 4457 2405 4512 vestram
2436 4467 2626 4530 prae-

429 4554 710 4617 sentiam
741 4551 933 4618 nobis
961 4551 1469 4617 admonentibus
1499 4572 1630 4616 non
1658 4551 1931 4634 negetis.

497 4689 512 4716 ¹
545 4689 680 4754 quod
697 4689 759 4739 V.
787 4689 850 4738 R.
873 4687 928 4738 8ι
950 4689 1120 4746 Men.;
1151 4685 1208 4738 S¹
1227 4703 1284 4737 as
1303 4693 1420 4737 text.
1616 4685 1638 4714 ²
1670 4687 1781 4737 The
1804 4686 1967 4736 words
1988 4685 2162 4736 within
2184 4701 2361 4752 square
2382 4685 2627 4746 brackets,

431 4755 625 4818 printed
652 4755 720 4818 by
752 4753 1012 4804 Tommasi
1041 4753 1140 4803 and
1173 4754 1392 4803 retained
1426 4755 1492 4816 by
1514 4753 1743 4815 Vezzosl,
1775 4769 1858 4804 are
1887 4751 2094 4802 marked
2128 4752 2197 4816 by
2218 4752 2303 4802 the
2334 4750 2545 4803 collator
2572 4767 2631 4800 as

1501 4851 1556 4900 M

2670 2375 2735 2426 R.
2760 2374 2809 2425 S.

2672 2443 2823 2492 Gerb.
2851 2453 2964 2505 214.

2672 2523 2753 2558 see
2775 2507 2913 2557 Men.

2673 2581 2791 2624 note
2816 2572 2927 2637 588.

2677 3737 2771 3816 S·ee
2794 3738 2947 3789 Gerb.

2676 3804 2731 3854 il.
2753 3818 2821 3868 49

2678 3869 2829 3931 (from
2851 3885 2883 3918 a

2677 3935 2855 3984 Ziirlch
2874 3934 2985 3984 MS.

2676 4016 2806 4052 saec.
2831 4001 2947 4064 ix.).
