3342 5392
337 997 548 1062 Gerb.p
587 1035 602 1049 .

341 1077 456 1128 105,
479 1077 500 1113 1
572 1101 586 1114 .

337 1607 490 1659 Gerb.

337 1689 390 1738 p.
418 1671 530 1724 106.

341 2301 492 2353 Gerb.

341 2385 390 2434 p.
425 2379 532 2433 107.

345 2899 498 2949 Gerb.
523 2913 612 2964 pp.

346 2966 460 3028 108,
479 2978 589 3030 109.

699 464 828 532 340
1566 457 2031 514 APPENDIX.

868 617 1254 680 *Muneribus
1294 619 1448 680 Dne.
1489 631 1546 682 te
1587 621 2037 700 magnificamus
2076 622 2285 684 oblatis

864 717 1033 781 ΛΠ).
1079 718 1154 778 In
1193 718 1544 780 exultatione
1585 721 1897 798 praecipue
1934 720 2319 781 solemnitatis

903 817 1156 878 Sanctae
1195 835 1309 878 nos
1349 816 1629 896 Martyris
1665 815 1987 900 Eufimiae]

801 997 909 1082 [(x
929 998 1095 1080 ?)vi2·i
1125 999 1270 1061 Kal.
1299 999 1454 1060 Mai.
1483 999 1628 1061 Nat.
1658 1000 1773 1062 SS.
1812 1001 2091 1076 Rburtii,
2137 1002 2432 1062 Valeriani
2455 1009 2510 1062 et
2532 1001 2819 1062 Maximi.

905 1114 1142 1176 Praesta
1181 1135 1240 1194 q.
1281 1134 1340 1178 o.
1387 1115 1464 1176 D.
1505 1124 1571 1176 ut
1613 1117 1714 1194 qui
1756 1128 2091 1176 sanctorum
2134 1127 2369 1177 tuorum

907 1213 1149 1292 Suscipe
1189 1214 1342 1274 Dne.
1383 1232 1629 1274 munera
1666 1233 1777 1292 pro
1818 1225 2052 1274 tuorum
2092 1215 2661 1277 commemoratione

865 1312 1035 1372 *VD.
1079 1312 1173 1372 Te
1215 1314 1276 1372 in
1317 1323 1654 1374 sanctorum
1696 1323 2013 1390 martyrum

864 1411 1150 1473 *Caelesti
1190 1429 1430 1471 munere
1471 1411 1719 1488 saginati
1759 1429 1819 1490 q.
1862 1411 2014 1473 Dne.
2056 1410 2133 1473 D.
2178 1409 2405 1494 noster]

1207 1593 1466 1654 Secunda
1494 1591 1801 1652 Domz'nt’ca
1814 1601 1949 1672 post
1976 1591 2095 1654 Oct.
2121 1591 2397 1654 Paschae.

905 1710 982 1772 D.
1026 1709 1128 1788 qui
1168 1709 1502 1790 errantes(?)
1546 1719 1611 1770 ut
1651 1710 1713 1770 in
1756 1709 1909 1769 viam

901 1809 1045 1870 Tibi
1083 1809 1356 1889 placitam
1397 1807 1474 1869 D.
1513 1819 1716 1868 noster
1756 1807 1979 1887 populo
2018 1817 2123 1870 tuo
2168 1809 2351 1870 tribue

868 1907 1017 1968 *His
1057 1909 1232 1969 nobis
1271 1906 1422 1968 Dne.
1463 1907 1757 1986 mysteriis

867 2007 1042 2068 ΛΠ).
1082 2007 1205 2080 Qui
1244 2006 1515 2068 humanis
1555 2006 1861 2068 miseratus
1898 2007 2189 2068 erroribus

909 2105 1289 2167 Sacramenta
1327 2123 1478 2184 quae
1511 2106 1866 2182 sumpsimus
1898 2123 1957 2184 q.
1998 2103 2151 2166 Dne.
2194 2115 2252 2166 et
2293 2103 2644 2183 spiritalibus

1127 2283 1248 2371 [vii
1279 2285 1423 2350 Kal.
1447 2288 1607 2349 Mai.
1637 2285 1784 2348 Nat.
1814 2286 1880 2348 S.
1921 2285 2166 2366 Georgii
2185 2286 2497 2366 Maryris.

905 2403 1080 2464 Tuus
1123 2421 1168 2464 s.
1213 2403 1437 2480 Martyr
1475 2401 1773 2480 Georgius

869 2502 1105 2564 *Tanto
1143 2501 1458 2580 placabiles
1499 2519 1560 2580 q.
1600 2502 1756 2564 Dne.
1798 2512 2035 2564 nostrae

871 2598 1042 2660 *VD.
1085 2600 1180 2660 Te
1222 2600 1284 2659 in
1323 2599 1591 2660 omnium
1629 2609 1948 2677 martyrum
1990 2598 2295 2676 triumphis

909 2697 980 2758 B.
1020 2697 1263 2777 Georgii
1303 2698 1574 2776 martyris
1611 2697 1698 2758 tui
1740 2696 1895 2760 Dne.
1934 2694 2250 2779 suffragiis]

833 2877 956 2964 [vii
988 2880 1133 2942 Kal.
1161 2879 1320 2940 Mai.
1345 2881 1588 2940 Litam'a
1613 2879 1823 2944 Maior
1847 2847 1933 2941 ad
1951 2879 2015 2944 S.
2048 2881 2419 2940 laurentium
2447 2883 2507 2939 in
2536 2880 2807 2940 Lucinae.

909 2994 1180 3057 Mentem
1221 2995 1474 3056 familiae
1513 3005 1650 3056 tuae
1692 3015 1753 3074 q.
1792 2995 1947 3057 Dne.
1990 2995 2382 3056 intercedente

703 3129 812 3190 Ad
833 3125 900 3188 S.
943 3124 1331 3205 (Valentinum
1348 3125 1396 3209 1)

911 3226 1078 3287 Deus
1119 3228 1221 3306 qui
1262 3227 1464 3306 culpas
1505 3227 1943 3306 delinquentum
1985 3227 2235 3288 districte

706 3361 814 3421 Ad
819 3365 1042 3440 pontem
1074 3357 1211 3419 Olbi
1231 3357 1362 3439 (sic)

913 3457 1094 3518 Parce
1135 3457 1290 3519 Dne.
1331 3477 1390 3538 q.
1432 3475 1608 3536 parce
1647 3459 1873 3536 populo
1913 3468 2015 3518 tuo
2052 3468 2113 3518 et
2154 3457 2325 3517 nullis
2346 3454 2369 3490 ²

705 3592 815 3653 Ad
838 3593 1076 3654 Crucem

911 3691 989 3752 D.
1031 3691 1133 3771 qui
1176 3690 1383 3768 culpas
1427 3699 1656 3751 nostras
1698 3687 1808 3768 piis
1850 3687 2179 3748 verberibus
2198 3686 2223 3720 ²

723 3823 801 3884 In
823 3824 996 3884 Atrio

913 3922 1140 3984 Adesto
1183 3921 1338 3982 Dne.
1385 3919 1910 4000 supplicationibus
1950 3919 2163 3979 nostris
2202 3927 2259 3978 et
2299 3927 2598 3996 sperantes

708 4057 819 4118 Ad
835 4054 1089 4116 ,Meis-sam

917 4155 1156 4214 Praesta
1194 4173 1252 4232 q.
1295 4172 1351 4214 o.
1391 4152 1469 4212 D.
1510 4161 1576 4212 ut
1615 4151 1717 4230 qui
1758 4151 1819 4210 in
1860 4149 2170 4210 afflictione

918 4253 1091 4314 Haec
1131 4270 1374 4312 munera
1412 4249 1564 4310 Dne.
1607 4269 1666 4328 q.
1708 4260 1766 4310 et
1808 4249 2035 4309 vincula

913 4351 1074 4414 Vota
1113 4361 1314 4413 nostra
1351 4370 1410 4429 q.
1450 4349 1605 4410 Dne.
1645 4351 1747 4427 pio
1789 4349 1983 4408 favore
2026 4364 2380 4426 prosequere

713 4486 861 4547 Alia
887 4486 1067 4545 oratio
1091 4484 1156 4544 in
1179 4483 1359 4544 Atrio

915 4581 1155 4646 Praesta
1195 4601 1252 4660 q.
1294 4600 1351 4643 0.
1394 4581 1468 4641 D.
1509 4593 1572 4641 ut
1613 4580 1693 4642 ad
1734 4592 1793 4642 te
1835 4590 1959 4642 toto
2000 4579 2175 4640 corde
2217 4573 2566 4657 clamantes]

1073 4731 1094 4758 ¹
1125 4731 1178 4781 N
1179 4747 1292 4781 ame
1314 4729 1542 4780 omitted.
1862 4788 1867 4793 Ι

1077 4796 1098 4826 ²
1128 4797 1292 4848 These
1313 4811 1396 4847 are
1417 4795 1620 4846 marked
1641 4797 1709 4860 by
1731 4811 1763 4845 a
1785 4795 1909 4846 later
1931 4795 2064 4846 hand
2090 4793 2167 4846 for
2190 4791 2563 4857 transposition.
