3342 5392
1302 427 1759 484 APPENDJX.
2501 423 2625 503 303

641 596 809 656 Haec
852 613 1018 656 sacra
1058 611 1171 654 nos
1211 592 1364 653 Dne.
1404 593 1628 672 potenti
1668 592 1875 652 virtute

640 695 774 754 VD.
815 693 926 756 Cui
968 693 1268 771 proprium
1309 703 1396 752 est
1437 711 1508 752 ac
1551 689 1843 768 singulare

643 793 1042 872 Suscipiamus
1081 791 1232 851 Dne.
1275 789 1733 852 misericordiam
1772 799 1931 850 tuam

443 1000 736 1062 Orationes
775 1002 840 1060 de
877 1000 1139 1060 Adventu
1179 996 1451 1079 (Domini
1485 994 1587 1077 R.)
1625 998 1965 1076 quotidiam&
2005 994 2191 1056 diebus
2228 997 2313 1054 ad
2349 992 2615 1054 Mt‘ssam.

641 1117 718 1176 D.
760 1117 859 1195 qui
901 1115 1190 1193 conspicis
1230 1115 1368 1193 quia
1409 1115 1471 1174 in
1511 1125 1612 1174 tua
1651 1114 1863 1192 pietate

644 1214 959 1275 Subveniat
999 1212 1170 1273 nobis
1211 1211 1364 1272 Dne.
1406 1211 1809 1272 misericordia

642 1311 825 1373 Grata
863 1311 967 1372 tibi
1007 1311 1118 1370 sint
1158 1308 1310 1369 Dne.
1352 1327 1597 1369 munera
1639 1309 1852 1387 quibus

643 1409 738 1471 Da
777 1428 834 1489 q.
880 1426 936 1469 o.
978 1407 1055 1468 D.
1097 1417 1341 1470 cunctae
1382 1407 1632 1468 familiae
1672 1417 1807 1468 tuae

1260 1615 1402 1674 Item
1442 1616 1562 1674 alia
1601 1613 1814 1674 Μῖνι-α.

644 1728 854 1788 Excita
894 1727 1044 1787 Dne.
1085 1728 1408 1805 potentiam
1452 1736 1610 1784 tuam
1652 1734 1712 1785 et
1752 1725 1881 1784 veni
1921 1734 1985 1784 ut
2026 1736 2124 1785 tua

645 1827 879 1888 Festina
918 1845 993 1886 ne
1033 1825 1344 1886 tardaveris
1385 1823 1536 1884 Dne.
1579 1823 1656 1882 D.
1698 1825 1900 1884 noster

647 1924 893 1984 Intende
933 1944 992 2003 q.
1033 1923 1184 1983 Dne.
1229 1921 1576 1983 sacrificium
1615 1921 1906 1998 singulare

648 2023 784 2084 Hos
826 2039 974 2102 quos
1013 2022 1206 2082 reficis
1247 2019 1398 2080 Dne.
1441 2020 1816 2080 sacramentis

1488 2219 1630 2278 Alia

647 2336 990 2396 Exultemus
1030 2353 1086 2414 q.
1130 2335 1281 2395 Dne.
1325 2335 1402 2395 D.
1443 2217 1643 2395 xgoster
1683 2352 1891 2396 omnes
1934 2336 2075 2396 recti
2117 2336 2295 2396 corde

650 2435 768 2496 Fac
809 2453 921 2496 nos
962 2433 1114 2495 Dne.
1158 2452 1214 2511 q.
1257 2434 1410 2494 mala
1449 2443 1650 2494 nostra
1691 2443 1819 2494 toto
1856 2434 2035 2494 corde

647 2531 922 2595 Concede
963 2551 1019 2612 q.
1065 2550 1120 2592 o.
1162 2531 1237 2590 D.
1280 2541 1344 2591 ut
1383 2530 1555 2592 huius
1594 2531 1859 2592 sacrificii

649 2631 926 2710 Spiritum
966 2632 1028 2690 in
1069 2631 1240 2690 nobis
1280 2629 1435 2691 Dne.
1480 2638 1614 2690 tuae
1655 2631 1905 2691 caritatis

648 2730 858 2791 Preces
898 2728 1100 2808 populi
1139 2729 1220 2788 tui
1263 2747 1320 2806 q.
1363 2746 1419 2789 0.
1464 2726 1539 2788 D.
1582 2725 1929 2810 clementer]

1077 2929 1254 2989 Alias
1292 2931 1568 2989 orationes
1606 2931 1671 2989 de
1711 2899 2017 2990 Adventu.-

613 3043 923 3106 *Concede
964 3061 1020 3122 q.
1062 3062 1120 3105 o.
1161 3043 1237 3104 D.
1280 3055 1344 3103 ut
1383 3063 1634 3121 magnae

651 3141 884 3202 Mentes
922 3151 1152 3202 nostras
1190 3158 1250 3218 q.
1291 3140 1444 3202 Dne.
1483 3142 1705 3202 lumine

652 3239 864 3300 Preces
904 3239 1106 3318 populi
1147 3240 1227 3299 tui
1270 3258 1326 3317 q.
1368 3238 1519 3300 Dne.
1562 3241 1879 3302 clementer

652 3338 889 3398 Praesta
929 3355 987 3416 q.
1029 3357 1085 3399 0.
1127 3337 1203 3397 D.
1242 3349 1306 3397 ut
1347 3337 1473 3398 Filii
1515 3339 1600 3398 tui

654 3434 934 3497 Concede
973 3455 1032 3514 q.
1073 3456 1130 3498 0.
1176 3435 1251 3496 D.
1290 3446 1356 3496 ut
1395 3439 1535 3513 quia
1575 3438 1687 3497 sub
1712 3438 1951 3516 ‘peccati

655 3531 761 3617 [Q.
804 3553 862 3596 o.
904 3534 979 3594 D.
1020 3553 1222 3612 preces
1265 3532 1520 3616 nostras]

655 3630 1002 3713 [tConcede
1043 3652 1100 3711 q.
1142 3651 1198 3693 0.
1241 3632 1316 3694 D.
1361 3633 1512 3694 hanc
1555 3628 1834 3714 gratiam]

653 3729 836 3814 [Voci
876 3741 1108 3791 nostrae
1151 3751 1206 3810 q.
1251 3731 1400 3791 Dne.
1443 3750 1612 3792 aures
1654 3741 1789 3792 tuae
1826 3730 2085 3814 pietatis]

652 3827 956 3910 [*Porrige
999 3830 1168 3890 nobis
1208 3829 1361 3891 Dne.
1403 3829 1701 3892 dexteram
1742 3842 1872 3891 tuae
1915 3829 2325 3913 venerationis]

648 3925 1042 4011 [Festinantes
1081 3947 1137 3989 o.
1180 3929 1256 3987 D.
1297 3930 1357 3988 in
1398 3925 1735 4011 occursum]

657 4024 960 4108 [aePraesta
1001 4047 1057 4106 q.
1100 4045 1154 4086 0.
1197 4027 1274 4086 D.
1315 4038 1380 4087 ut
1421 4028 1560 4106 quia
1600 4045 1709 4105 pro
1749 4024 2029 4110 pecoetis]

657 4121 798 4206 [m.
843 4125 942 4203 qui
985 4123 1273 4203 nos(tram
1288 4123 1336 4204 ?)
1379 4127 1672 4202 conspicis
1714 4124 1975 4207 semper]

659 4219 948 4304 [*Adesto
988 4241 1046 4300 q.
1088 4242 1143 4282 o.
1185 4222 1262 4281 D.
1305 4233 1479 4300 atque
1521 4227 1583 4283 in
1625 4221 1877 4306 cunctis]

893 4419 1010 4503 [vii
1041 4421 1134 4482 Id.
1177 4421 1314 4482 Dec.
1364 4423 1481 4483 Oct.
1524 4423 1588 4482 S.
1624 4423 1885 4485 Andreae
1924 4425 2191 4502 Apostoli.

656 4537 932 4616 Protegat
945 4541 1082 4599 ‘nos
1123 4537 1274 4598 Dne.
1319 4538 1550 4616 saepius
1593 4541 1649 4598 b.
1693 4540 1965 4601 Andreae

657 4637 1083 4715 Indulgentiam
1126 4638 1298 4698 nobis
1339 4639 1656 4714 praebeant
1699 4639 1843 4698 haec
1886 4657 2129 4699 munera

654 4736 904 4796 Adiuvet
945 4735 1220 4796 familiam
1265 4747 1425 4796 tuam
1467 4737 1568 4796 tibi
1613 4735 1762 4798 Dne.
1804 4735 2215 4818 supplicando]

2682 1005 2837 1058 Gerb-

2682 1089 2733 1139 p.
2760 1087 2869 1124 202.

2684 1618 2834 1668 Gerb.

2682 1699 2733 1748 p.
2762 1696 2871 1746 203.

2688 2221 2840 2273 Gerb.
2924 2234 2931 2243 ·

2686 2303 2738 2352 p.
2765 2299 2874 2352 ²03·

2690 2929 2841 2980 Gerb.
2862 2945 2947 2995 pp.

2693 3009 2803 3062 ²09·
2824 3009 2934 3048 πο.

2688 4439 2841 4490 Gerb.

2691 4523 2742 4572 p.
2768 4518 2874 4568 203.
