3342 5392
463 442 504 495 1.
527 438 732 513 xxxiiii]
1086 444 1514 503 ROMANAE
1555 444 1668 503 EC
1665 444 2041 505 CLESIAE.
2568 459 2657 525 49

457 608 723 673 saeculo
765 616 903 685 tuo,
933 616 1000 673 et
1039 608 1278 675 beatae
1313 610 1802 677 immortalitati
1844 610 2113 678 victuris
2131 607 2211 673 ¹⁴.
2301 611 2411 676 Da
2455 611 2657 696 igitur

459 712 779 777 honorem
823 713 1200 778 advenienti
1243 712 1520 798 Spiritui
1559 725 1791 782 sancto
1833 717 1951 800 qui
1999 737 2087 781 ex
2110 714 2163 753 ¹⁶
2192 736 2453 780 summa
2487 713 2653 780 caeli

459 835 610 881 arce
627 815 682 855 ¹⁸
723 817 1148 895 descendens,
1193 818 1596 901 perturbatis
1636 819 1979 885 fraudibus
2023 820 2172 895 tuis,
2211 819 2436 884 divino
2470 819 2655 884 fonte

457 928 742 1003 purgata
798 931 1070 1005 pectora
1085 918 1158 999 ¹⁷,
1217 921 1287 987 id
1343 932 1446 987 est
1501 922 1930 1002 sanctificata,
1989 925 2143 990 Deo
2198 922 2525 1007 templum
2582 932 2652 989 et

456 1022 758 1089 habitum
774 1021 830 1064 ¹⁸
860 1024 1175 1109 perficiat,
1212 1034 1285 1090 ut
1303 1022 1357 1064 ¹⁹
1385 1026 1473 1091 ab
1502 1026 1813 1092 omnibus
1839 1028 2105 1111 penitus
2134 1028 2353 1092 noxiis
2370 1025 2425 1066 ²⁰
2462 1046 2649 1112 prae-

454 1127 802 1192 teritorum
840 1128 1190 1194 criminum
1227 1128 1492 1194 liberati
1531 1131 1701 1195 servi
1746 1131 1875 1195 Dei
1910 1133 2158 1214 gratias
2187 1130 2459 1215 perenni
2500 1132 2653 1195 Deo

457 1230 744 1297 referant
801 1253 1083 1318 semper,
1139 1241 1210 1298 et
1273 1233 1667 1299 benedicant
1726 1253 1971 1300 nomen
2029 1235 2172 1300 eius
2228 1244 2531 1301 sanctum
2583 1237 2650 1300 in

455 1336 720 1401 saecula
805 1335 1235 1401 saeculorum.
1371 1337 1498 1402 Per
1585 1337 1949 1404 Dominum
2039 1348 2340 1403 nostrum
2429 1339 2651 1403 Iesum

455 1435 818 1518 Christum,
868 1440 984 1524 qui
1035 1449 1354 1506 venturus
1399 1448 1502 1505 est
1552 1439 1845 1508 iudicare
1892 1440 2079 1506 vivos
2124 1450 2195 1508 et
2244 1452 2542 1508 mortuos
2584 1450 2657 1507 et

449 1541 787 1609 saeculum
815 1564 935 1629 per
960 1544 1206 1627 ignem.
1249 1571 1292 1626 y

1173 1680 1336 1747 Item
1377 1690 1568 1766 super
1596 1682 1920 1767 seminas.

542 1801 731 1867 Deus
757 1800 1132 1883 Abraham,
1160 1802 1348 1869 Deus
1378 1803 1584 1882 Isaac,
1615 1805 1805 1868 Deus
1839 1802 2060 1882 Iacob,
2091 1805 2278 1870 Deus
2300 1805 2415 1889 qui
2439 1804 2649 1872 tribus
2701 1809 2766 1861 R.

453 1904 661 1971 Israel
677 1903 728 1944 ²¹
759 1907 1076 1973 monuisti
1105 1917 1176 1973 et
1221 1906 1591 1973 Susannam
1615 1890 1711 1972 ‘de
1740 1907 1909 1973 falso
1947 1908 2215 1973 crimine
2242 1908 2552 1988 liberasti,
2580 1917 2651 1974 te
2700 1874 2991 1993 ξῗὲξέξ

452 2009 744 2094 supplex
771 2012 1106 2095 deprecor,
1134 2011 1446 2089 Domine,
1476 2020 1552 2077 ut
1594 2010 1835 2077 liberes
1878 2020 1946 2076 et
1990 2012 2111 2077 has
2154 2011 2435 2077 famulas
2477 2022 2651 2093 tuas,

452 2123 523 2178 et
551 2114 912 2197 perducere
941 2134 1054 2179 eas
1075 2110 1129 2152 ²²
1156 2115 1448 2198 digneris
1476 2114 1562 2179 ad
1592 2115 1878 2199 gratiam
1905 2116 2220 2201 baptismi
2251 2114 2370 2181 tui.
2413 2142 2456 2199 y

539 2216 725 2303 Ergo
757 2216 1124 2295 maledicte,
1151 2227 1230 2282 ut
1249 2228 1469 2300 supra.

1167 2356 1328 2421 Item
1368 2365 1558 2438 super
1596 2356 1931 2422 masculos.

543 2474 877 2539 Exorcizo
925 2482 1014 2551 te,
1061 2474 1402 2542 immunde
1448 2476 1715 2561 spiritus
1732 2474 1813 2557 ²³,
1860 2476 1929 2540 in
1980 2474 2249 2542 nomine
2298 2478 2533 2556 Patris,
2579 2484 2649 2541 et
2699 2486 2851 2538 Gerb.
2882 2500 2993 2550 251.

455 2576 626 2654 Filii,
655 2587 723 2643 et
762 2577 1048 2663 Spiritus
1077 2580 1308 2656 sancti,
1340 2588 1416 2645 ut
1446 2600 1646 2645 exeas
1692 2589 1759 2645 et
1799 2580 2067 2646 recedas
2110 2580 2199 2645 ab
2240 2580 2343 2645 his
2385 2579 2649 2645 famulis
2697 2553 2836 2668 Ram.
2864 2558 2973 2604 ²⁶²·

449 2681 597 2746 Dei.
710 2683 866 2768 Ipse
927 2684 1106 2749 enim
1163 2684 1288 2749 tibi
1345 2685 1648 2768 imperat,
1711 2683 2079 2761 maledicte,
2138 2684 2477 2761 damnate,
2535 2686 2650 2767 qui

448 2786 730 2869 pedibus
759 2808 955 2873 super
983 2808 1168 2853 mare
1201 2787 1586 2865 ambulavit,
1615 2799 1687 2852 et
1718 2788 1916 2853 Petro
1947 2788 2267 2872 mergenti
2297 2789 2649 2855 dexteram

449 2892 768 2973 porrexit.
811 2918 854 2975 y

536 2994 721 3081 Ergo
749 2995 1120 3077 maledicte,
1144 2996 1314 3062 sicut
1337 3006 1555 3079 supra.

1182 3133 1340 3200 Item
1379 3144 1573 3217 super
1592 3132 1916 3216 seminas.

536 3253 870 3319 Exorcizo
906 3263 976 3321 te
1019 3254 1358 3320 immunde
1395 3254 1679 3338 spirituS,
1711 3275 1831 3339 per
1873 3253 2141 3319 Patrem
2176 3264 2245 3319 et
2286 3253 2530 3318 Filium
2574 3263 2645 3320 et
2694 3266 2757 3319 R.

445 3356 772 3441 Spiritum
819 3368 1122 3424 sanctum
1176 3370 1251 3423 ut
1296 3378 1500 3423 exeas
1545 3367 1615 3423 et
1661 3357 1931 3423 recedas
1982 3357 2070 3421 ab
2120 3357 2225 3422 his
2271 3356 2643 3423 famulabus
2694 3334 2969 3451 {³82⁸}ss

447 3462 580 3525 Dei
600 3459 675 3526 ²⁴.
763 3462 918 3546 Ip'se
967 3463 1142 3527 enim
1193 3462 1317 3527 tibi
1381 3462 1664 3545 imperat
1724 3460 2089 3537 maledicte,
2146 3461 2479 3539 damnate,
2527 3461 2643 3545 qui
2693 3476 2750 3519 Α.

443 3585 645 3631 caeco
689 3574 851 3631 nato
897 3566 1128 3631 oculos
1173 3566 1453 3648 aperuit,
1502 3575 1570 3630 et
1613 3565 2136 3648 quatriduanum
2186 3564 2513 3630 Lazarum
2556 3566 2645 3630 de

445 3679 879 3734 monumento
907 3670 1270 3734 suscitavit.
1314 3695 1355 3751 γ

537 3772 720 3855 Ergo
751 3770 1117 3850 maledicte,
1145 3780 1461 3855 utsupra.

281 3935 416 3993 537
695 3908 1012 3991 Sequitur
1053 3909 1265 3975 oratio
1306 3929 1505 3991 quam
1547 3908 1840 3975 sacerdos
1881 3909 2089 3975 dicere
2130 3908 2311 3974 debet
2324 3907 2398 3972 ²⁵.

531 4028 901 4095 Aeternam
943 4049 1022 4094 ac
1068 4029 1494 4094 iustissimam
1538 4029 1856 4113 pietatem
1898 4038 2086 4094 tuam
2130 4032 2466 4113 deprecor,
2500 4031 2647 4093 Do·-
2692 4042 2759 4092 R.

445 4134 628 4197 mine
677 4142 924 4213 sancte,
980 4133 1175 4198 Pater
1223 4132 1662 4216 omnipotenS,
1702 4142 1972 4198 aeterne
2022 4134 2209 4198 Deus
2256 4133 2523 4197 luminis
2572 4144 2644 4199 et
2691 4108 2843 4224 ffi·
2859 4122 2983 4225 2²52·

441 4236 759 4312 veritatis,
802 4257 1000 4321 super
1038 4236 1164 4301 hos
1207 4235 1492 4301 famulos
1510 4234 1565 4274 ²⁰
1605 4246 1673 4301 et
1713 4236 1995 4301 famulas
2038 4246 2189 4302 tuas
2234 4248 2309 4303 ut
2352 4238 2642 4321 digneris
2692 4251 2745 4290 Α·

445 4360 565 4405 eos
607 4339 980 4405 illuminare
1025 4340 1272 4405 lumine
1319 4339 1794 4423 intelligentiae
1840 4351 2014 4407 tuae.
2106 4340 2363 4405 Munda
2416 4360 2531 4405 eos
2574 4352 2643 4407 et

443 4442 800 4511 sanctifica.
906 4443 1018 4509 Da
1067 4444 1162 4509 eis
1205 4444 1545 4509 scientiam
1595 4464 1843 4523 veram,
1902 4454 1977 4508 ut
2036 4446 2219 4528 digni
2281 4444 2644 4509 efficiantur

442 4549 756 4613 accedere
796 4547 883 4611 ad
923 4549 1210 4631 gratiam
1244 4548 1560 4631 baptismi
1593 4549 1709 4613 tui.
1800 4547 2105 4613 Teneant
2142 4548 2401 4612 firmam
2432 4568 2645 4631 spem,

438 4652 787 4718 consilium
829 4661 1102 4729 rectum,
1132 4650 1502 4715 doctrinam
1543 4661 1863 4731 sanctam,
1894 4662 1967 4717 ut
2004 4652 2145 4736 apti
2184 4650 2317 4718 sint
2358 4652 2443 4719 ad
2496 4672 2645 4735 per·

437 4754 819 4839 cipiendam
851 4755 1136 4836 gratiam
1167 4764 1352 4819 tuam
1375 4751 1446 4817 ²⁷.
1537 4756 1681 4819 Per.
1724 4781 1767 4838 γ

1513 4871 1558 4919 Ε
