<?xml version="1.0" encoding="UTF-8"?>
<!DOCTYPE html PUBLIC "-//W3C//DTD XHTML 1.0 Transitional//EN"
    "http://www.w3.org/TR/xhtml1/DTD/xhtml1-transitional.dtd">
<html xmlns="http://www.w3.org/1999/xhtml" xml:lang="en" lang="en">
 <head>
  <title>
</title>
<meta http-equiv="Content-Type" content="text/html;charset=utf-8" />
  <meta name='ocr-system' content='tesseract 3.04.00' />
  <meta name='ocr-capabilities' content='ocr_page ocr_carea ocr_par ocr_line ocrx_word'/>
</head>
<body>
  <div class='ocr_page' id='page_1' title='image "./gelasiansacrame00gelagoog_0361.png"; bbox 0 0 3342 5392; ppageno 0'>
   <div class='ocr_carea' id='block_1_1' title="bbox 425 426 2626 514">
    <p class='ocr_par' dir='ltr' id='par_1_1' title="bbox 425 426 2626 514">
     <span class='ocr_line' id='line_1_1' title="bbox 425 426 2626 514; baseline 0.004 -32"><span class='ocrx_word' id='word_1_1' title='bbox 425 436 664 502; x_wconf 81' lang='lat' dir='ltr'>.111.liv.]</span> <span class='ocrx_word' id='word_1_2' title='bbox 1055 434 1484 492; x_wconf 79' lang='lat' dir='ltr'><em>ROMANAE</em></span> <span class='ocrx_word' id='word_1_3' title='bbox 1527 436 2017 493; x_wconf 80' lang='lat' dir='ltr'><em>ECCLESJAE.</em></span> <span class='ocrx_word' id='word_1_4' title='bbox 2500 426 2626 514; x_wconf 85' lang='lat'><strong>269</strong></span> 
     </span>
    </p>
   </div>
   <div class='ocr_carea' id='block_1_2' title="bbox 1381 610 1674 668">
    <p class='ocr_par' dir='ltr' id='par_1_2' title="bbox 1381 610 1674 668">
     <span class='ocr_line' id='line_1_2' title="bbox 1381 610 1674 668; baseline -0.007 0"><span class='ocrx_word' id='word_1_5' title='bbox 1381 610 1674 668; x_wconf 76' lang='lat' dir='ltr'><strong>secreta.</strong></span> 
     </span>
    </p>
   </div>
   <div class='ocr_carea' id='block_1_3' title="bbox 434 722 2628 1118">
    <p class='ocr_par' dir='ltr' id='par_1_3' title="bbox 434 722 2628 1118">
     <span class='ocr_line' id='line_1_3' title="bbox 521 722 2627 808; baseline 0 -20"><span class='ocrx_word' id='word_1_6' title='bbox 521 724 804 800; x_wconf 88' lang='lat' dir='ltr'><strong>Adest0,</strong></span> <span class='ocrx_word' id='word_1_7' title='bbox 841 723 1149 800; x_wconf 83' lang='lat' dir='ltr'>Domine,</span> <span class='ocrx_word' id='word_1_8' title='bbox 1179 722 1773 808; x_wconf 85' lang='lat' dir='ltr'><strong>supplicationibus</strong></span> <span class='ocrx_word' id='word_1_9' title='bbox 1820 724 2077 802; x_wconf 87' lang='lat' dir='ltr'><strong>nostris,</strong></span> <span class='ocrx_word' id='word_1_10' title='bbox 2114 734 2182 790; x_wconf 93' lang='lat' dir='ltr'><strong>et</strong></span> <span class='ocrx_word' id='word_1_11' title='bbox 2224 725 2397 789; x_wconf 89' lang='lat' dir='ltr'><strong>hanc</strong></span> <span class='ocrx_word' id='word_1_12' title='bbox 2442 724 2627 788; x_wconf 91' lang='lat' dir='ltr'><strong>obla-</strong></span> 
     </span>
     <span class='ocr_line' id='line_1_4' title="bbox 437 827 2628 910; baseline 0 -19"><span class='ocrx_word' id='word_1_13' title='bbox 437 828 688 892; x_wconf 86' lang='lat' dir='ltr'><strong>tionem</strong></span> <span class='ocrx_word' id='word_1_14' title='bbox 719 827 946 893; x_wconf 84' lang='lat' dir='ltr'><strong>famuli</strong></span> <span class='ocrx_word' id='word_1_15' title='bbox 990 829 1086 894; x_wconf 91' lang='lat' dir='ltr'><strong>tui</strong></span> <span class='ocrx_word' id='word_1_16' title='bbox 1129 827 1343 907; x_wconf 84' lang='lat' dir='ltr'><strong>Illius,</strong></span> <span class='ocrx_word' id='word_1_17' title='bbox 1371 847 1574 910; x_wconf 89' lang='lat' dir='ltr'><strong>quam</strong></span> <span class='ocrx_word' id='word_1_18' title='bbox 1619 827 1745 893; x_wconf 93' lang='lat' dir='ltr'><strong>tibi</strong></span> <span class='ocrx_word' id='word_1_19' title='bbox 1790 827 1983 894; x_wconf 81' lang='lat' dir='ltr'><strong>offert</strong></span> <span class='ocrx_word' id='word_1_20' title='bbox 2028 829 2116 892; x_wconf 96' lang='lat' dir='ltr'><strong>ob</strong></span> <span class='ocrx_word' id='word_1_21' title='bbox 2161 829 2340 893; x_wconf 89' lang='lat' dir='ltr'><strong>diem</strong></span> <span class='ocrx_word' id='word_1_22' title='bbox 2388 828 2628 894; x_wconf 87' lang='lat' dir='ltr'><strong>natalis</strong></span> 
     </span>
     <span class='ocr_line' id='line_1_5' title="bbox 434 931 2627 1015; baseline 0.001 -19"><span class='ocrx_word' id='word_1_23' title='bbox 434 933 537 996; x_wconf 85' lang='lat' dir='ltr'><strong>sui</strong></span> <span class='ocrx_word' id='word_1_24' title='bbox 565 934 944 1014; x_wconf 88' lang='lat' dir='ltr'><strong>genuinum,</strong></span> <span class='ocrx_word' id='word_1_25' title='bbox 973 953 1110 1015; x_wconf 91' lang='lat' dir='ltr'><strong>quo</strong></span> <span class='ocrx_word' id='word_1_26' title='bbox 1139 932 1248 996; x_wconf 94' lang='lat' dir='ltr'><strong>die</strong></span> <span class='ocrx_word' id='word_1_27' title='bbox 1277 952 1428 996; x_wconf 86' lang='lat' dir='ltr'><strong>eum</strong></span> <span class='ocrx_word' id='word_1_28' title='bbox 1447 931 1472 970; x_wconf 81' lang='lat'><strong>⁶</strong></span> <span class='ocrx_word' id='word_1_29' title='bbox 1504 931 1588 996; x_wconf 92' lang='lat' dir='ltr'><strong>de</strong></span> <span class='ocrx_word' id='word_1_30' title='bbox 1617 933 1932 997; x_wconf 84' lang='lat' dir='ltr'><strong>maternis</strong></span> <span class='ocrx_word' id='word_1_31' title='bbox 1962 932 2317 998; x_wconf 86' lang='lat' dir='ltr'><strong>visceribus</strong></span> <span class='ocrx_word' id='word_1_32' title='bbox 2354 933 2421 997; x_wconf 89' lang='lat' dir='ltr'><strong>in</strong></span> <span class='ocrx_word' id='word_1_33' title='bbox 2452 933 2627 998; x_wconf 88' lang='lat' dir='ltr'><strong>hunc</strong></span> 
     </span>
     <span class='ocr_line' id='line_1_6' title="bbox 437 1035 2597 1118; baseline 0 -18"><span class='ocrx_word' id='word_1_34' title='bbox 437 1037 759 1100; x_wconf 90' lang='lat' dir='ltr'><strong>mundum</strong></span> <span class='ocrx_word' id='word_1_35' title='bbox 788 1037 966 1100; x_wconf 89' lang='lat' dir='ltr'><strong>nasci</strong></span> <span class='ocrx_word' id='word_1_36' title='bbox 999 1035 1261 1114; x_wconf 89' lang='lat' dir='ltr'><strong>iussisti,</strong></span> <span class='ocrx_word' id='word_1_37' title='bbox 1291 1035 1589 1118; x_wconf 87' lang='lat' dir='ltr'><strong>placidus</strong></span> <span class='ocrx_word' id='word_1_38' title='bbox 1616 1056 1696 1100; x_wconf 91' lang='lat' dir='ltr'><strong>ac</strong></span> <span class='ocrx_word' id='word_1_39' title='bbox 1724 1036 2049 1118; x_wconf 87' lang='lat' dir='ltr'><strong>benignus</strong></span> <span class='ocrx_word' id='word_1_40' title='bbox 2078 1057 2361 1101; x_wconf 86' lang='lat' dir='ltr'><strong>assume.</strong></span> <span class='ocrx_word' id='word_1_41' title='bbox 2450 1036 2597 1101; x_wconf 91' lang='lat' dir='ltr'><strong>Per.</strong></span> 
     </span>
    </p>
   </div>
   <div class='ocr_carea' id='block_1_4' title="bbox 1233 1179 1823 1239">
    <p class='ocr_par' dir='ltr' id='par_1_4' title="bbox 1233 1179 1823 1239">
     <span class='ocr_line' id='line_1_7' title="bbox 1233 1179 1823 1239; baseline 0.003 -2"><span class='ocrx_word' id='word_1_42' title='bbox 1233 1179 1428 1238; x_wconf 67' lang='lat' dir='ltr'><strong>Intra</strong></span> <span class='ocrx_word' id='word_1_43' title='bbox 1469 1181 1823 1239; x_wconf 68' lang='lat' dir='ltr'><strong>notionem.</strong></span> 
     </span>
    </p>
   </div>
   <div class='ocr_carea' id='block_1_5' title="bbox 433 1293 2630 2295">
    <p class='ocr_par' dir='ltr' id='par_1_5' title="bbox 433 1293 2630 2295">
     <span class='ocr_line' id='line_1_8' title="bbox 525 1293 2624 1380; baseline 0 -21"><span class='ocrx_word' id='word_1_44' title='bbox 525 1295 721 1361; x_wconf 90' lang='lat' dir='ltr'><strong>Hanc</strong></span> <span class='ocrx_word' id='word_1_45' title='bbox 751 1295 951 1380; x_wconf 88' lang='lat' dir='ltr'><strong>igitur</strong></span> <span class='ocrx_word' id='word_1_46' title='bbox 979 1293 1408 1374; x_wconf 86' lang='lat' dir='ltr'><strong>oblationem,</strong></span> <span class='ocrx_word' id='word_1_47' title='bbox 1439 1295 1749 1372; x_wconf 88' lang='lat' dir='ltr'><strong>Domine,</strong></span> <span class='ocrx_word' id='word_1_48' title='bbox 1784 1294 2013 1361; x_wconf 85' lang='lat' dir='ltr'><strong>famuli</strong></span> <span class='ocrx_word' id='word_1_49' title='bbox 2042 1295 2141 1360; x_wconf 90' lang='lat' dir='ltr'><strong>tui</strong></span> <span class='ocrx_word' id='word_1_50' title='bbox 2176 1293 2390 1372; x_wconf 84' lang='lat' dir='ltr'><strong>Illius,</strong></span> <span class='ocrx_word' id='word_1_51' title='bbox 2421 1314 2624 1378; x_wconf 88' lang='lat' dir='ltr'><strong>quam</strong></span> 
     </span>
     <span class='ocr_line' id='line_1_9' title="bbox 436 1397 2627 1483; baseline -0 -20"><span class='ocrx_word' id='word_1_52' title='bbox 436 1399 559 1463; x_wconf 84' lang='lat' dir='ltr'><strong>tib&#39;i</strong></span> <span class='ocrx_word' id='word_1_53' title='bbox 604 1399 798 1464; x_wconf 80' lang='lat' dir='ltr'><strong>offert</strong></span> <span class='ocrx_word' id='word_1_54' title='bbox 841 1397 974 1463; x_wconf 78' lang='lat' dir='ltr'><strong>ob⁷</strong></span> <span class='ocrx_word' id='word_1_55' title='bbox 1005 1399 1182 1463; x_wconf 91' lang='lat' dir='ltr'><strong>diem</strong></span> <span class='ocrx_word' id='word_1_56' title='bbox 1229 1399 1465 1464; x_wconf 87' lang='lat' dir='ltr'><strong>natalis</strong></span> <span class='ocrx_word' id='word_1_57' title='bbox 1513 1398 1660 1463; x_wconf 83' lang='lat' dir='ltr'><strong>sui⁸</strong></span> <span class='ocrx_word' id='word_1_58' title='bbox 1702 1398 2037 1464; x_wconf 89' lang='lat' dir='ltr'><strong>celebrans</strong></span> <span class='ocrx_word' id='word_1_59' title='bbox 2081 1399 2462 1483; x_wconf 90' lang='lat' dir='ltr'><strong>genuinum,</strong></span> <span class='ocrx_word' id='word_1_60' title='bbox 2489 1419 2627 1482; x_wconf 91' lang='lat' dir='ltr'><strong>quo</strong></span> 
     </span>
     <span class='ocr_line' id='line_1_10' title="bbox 435 1503 2625 1569; baseline -0 -2"><span class='ocrx_word' id='word_1_61' title='bbox 435 1504 544 1567; x_wconf 89' lang='lat' dir='ltr'><strong>die</strong></span> <span class='ocrx_word' id='word_1_62' title='bbox 597 1503 794 1567; x_wconf 82' lang='lat' dir='ltr'><strong>eum⁶</strong></span> <span class='ocrx_word' id='word_1_63' title='bbox 846 1504 934 1567; x_wconf 91' lang='lat' dir='ltr'><strong>de</strong></span> <span class='ocrx_word' id='word_1_64' title='bbox 978 1503 1292 1568; x_wconf 84' lang='lat' dir='ltr'><strong>maternis</strong></span> <span class='ocrx_word' id='word_1_65' title='bbox 1337 1504 1695 1569; x_wconf 87' lang='lat' dir='ltr'><strong>visceribus</strong></span> <span class='ocrx_word' id='word_1_66' title='bbox 1737 1504 1805 1566; x_wconf 90' lang='lat' dir='ltr'><strong>in</strong></span> <span class='ocrx_word' id='word_1_67' title='bbox 1850 1503 2025 1568; x_wconf 90' lang='lat' dir='ltr'><strong>hunc</strong></span> <span class='ocrx_word' id='word_1_68' title='bbox 2072 1505 2395 1568; x_wconf 89' lang='lat' dir='ltr'><strong>mundum</strong></span> <span class='ocrx_word' id='word_1_69' title='bbox 2446 1504 2625 1568; x_wconf 87' lang='lat' dir='ltr'><strong>nasci</strong></span> 
     </span>
     <span class='ocr_line' id='line_1_11' title="bbox 437 1607 2623 1692; baseline 0.001 -22"><span class='ocrx_word' id='word_1_70' title='bbox 437 1607 697 1686; x_wconf 88' lang='lat' dir='ltr'><strong>iussisti,</strong></span> <span class='ocrx_word' id='word_1_71' title='bbox 728 1608 815 1672; x_wconf 93' lang='lat' dir='ltr'><strong>ad</strong></span> <span class='ocrx_word' id='word_1_72' title='bbox 863 1616 931 1672; x_wconf 90' lang='lat' dir='ltr'><strong>te</strong></span> <span class='ocrx_word' id='word_1_73' title='bbox 973 1608 1506 1692; x_wconf 87' lang='lat' dir='ltr'><strong>cognoscendum</strong></span> <span class='ocrx_word' id='word_1_74' title='bbox 1557 1608 1779 1672; x_wconf 90' lang='lat' dir='ltr'><strong>Deum</strong></span> <span class='ocrx_word' id='word_1_75' title='bbox 1822 1628 2049 1671; x_wconf 88' lang='lat' dir='ltr'><strong>verum</strong></span> <span class='ocrx_word' id='word_1_76' title='bbox 2094 1615 2163 1672; x_wconf 89' lang='lat' dir='ltr'><strong>et</strong></span> <span class='ocrx_word' id='word_1_77' title='bbox 2202 1609 2445 1684; x_wconf 89' lang='lat' dir='ltr'><strong>vivum,</strong></span> <span class='ocrx_word' id='word_1_78' title='bbox 2484 1607 2623 1691; x_wconf 92' lang='lat' dir='ltr'><strong>pla-</strong></span> 
     </span>
     <span class='ocr_line' id='line_1_12' title="bbox 436 1710 2627 1796; baseline 0 -21"><span class='ocrx_word' id='word_1_79' title='bbox 436 1722 623 1776; x_wconf 89' lang='lat' dir='ltr'><strong>catus</strong></span> <span class='ocrx_word' id='word_1_80' title='bbox 652 1710 970 1794; x_wconf 84' lang='lat' dir='ltr'><strong>suscipias</strong></span> <span class='ocrx_word' id='word_1_81' title='bbox 1001 1712 1464 1795; x_wconf 86' lang='lat' dir='ltr'><strong>deprecamur:</strong></span> <span class='ocrx_word' id='word_1_82' title='bbox 1513 1711 1603 1775; x_wconf 94' lang='lat' dir='ltr'><strong>ob</strong></span> <span class='ocrx_word' id='word_1_83' title='bbox 1648 1710 1777 1777; x_wconf 89' lang='lat' dir='ltr'><strong>hoc</strong></span> <span class='ocrx_word' id='word_1_84' title='bbox 1821 1712 2023 1796; x_wconf 88' lang='lat' dir='ltr'><strong>igitur</strong></span> <span class='ocrx_word' id='word_1_85' title='bbox 2066 1712 2284 1777; x_wconf 86' lang='lat' dir='ltr'><strong>reddit</strong></span> <span class='ocrx_word' id='word_1_86' title='bbox 2313 1711 2436 1775; x_wconf 87' lang='lat' dir='ltr'><strong>tibi</strong></span> <span class='ocrx_word' id='word_1_87' title='bbox 2467 1720 2627 1776; x_wconf 90' lang='lat' dir='ltr'><strong>vota</strong></span> 
     </span>
     <span class='ocr_line' id='line_1_13' title="bbox 437 1815 2628 1898; baseline 0 -19"><span class='ocrx_word' id='word_1_88' title='bbox 437 1835 558 1879; x_wconf 89' lang='lat' dir='ltr'><strong>sua</strong></span> <span class='ocrx_word' id='word_1_89' title='bbox 611 1815 762 1879; x_wconf 94' lang='lat' dir='ltr'><strong>Deo</strong></span> <span class='ocrx_word' id='word_1_90' title='bbox 804 1815 956 1879; x_wconf 90' lang='lat' dir='ltr'><strong>vivo</strong></span> <span class='ocrx_word' id='word_1_91' title='bbox 1007 1824 1076 1879; x_wconf 89' lang='lat' dir='ltr'><strong>et</strong></span> <span class='ocrx_word' id='word_1_92' title='bbox 1118 1833 1312 1879; x_wconf 90' lang='lat' dir='ltr'><strong>vero:</strong></span> <span class='ocrx_word' id='word_1_93' title='bbox 1378 1835 1499 1898; x_wconf 93' lang='lat' dir='ltr'><strong>pro</strong></span> <span class='ocrx_word' id='word_1_94' title='bbox 1544 1835 1679 1898; x_wconf 91' lang='lat' dir='ltr'><strong>quo</strong></span> <span class='ocrx_word' id='word_1_95' title='bbox 1724 1816 2054 1881; x_wconf 89' lang='lat' dir='ltr'><strong>maiestati</strong></span> <span class='ocrx_word' id='word_1_96' title='bbox 2098 1826 2255 1880; x_wconf 90' lang='lat' dir='ltr'><strong>tuae</strong></span> <span class='ocrx_word' id='word_1_97' title='bbox 2297 1815 2628 1898; x_wconf 86' lang='lat' dir='ltr'><strong>supplices</strong></span> 
     </span>
     <span class='ocr_line' id='line_1_14' title="bbox 437 1917 2626 2002; baseline -0 -19"><span class='ocrx_word' id='word_1_98' title='bbox 437 1918 776 1983; x_wconf 85' lang='lat' dir='ltr'><strong>fundimus</strong></span> <span class='ocrx_word' id='word_1_99' title='bbox 812 1937 1056 2002; x_wconf 76' lang='lat' dir='ltr'><strong>preceS,</strong></span> <span class='ocrx_word' id='word_1_100' title='bbox 1086 1926 1159 1981; x_wconf 92' lang='lat' dir='ltr'><strong>ut</strong></span> <span class='ocrx_word' id='word_1_101' title='bbox 1204 1917 1471 1982; x_wconf 88' lang='lat' dir='ltr'><strong>adiicias</strong></span> <span class='ocrx_word' id='word_1_102' title='bbox 1517 1918 1576 1982; x_wconf 90' lang='lat' dir='ltr'><strong>ei</strong></span> <span class='ocrx_word' id='word_1_103' title='bbox 1620 1939 1828 1983; x_wconf 86' lang='lat' dir='ltr'><strong>annos</strong></span> <span class='ocrx_word' id='word_1_104' title='bbox 1870 1929 1938 1984; x_wconf 90' lang='lat' dir='ltr'><strong>et</strong></span> <span class='ocrx_word' id='word_1_105' title='bbox 1978 1928 2282 2002; x_wconf 87' lang='lat' dir='ltr'><strong>tempora</strong></span> <span class='ocrx_word' id='word_1_106' title='bbox 2316 1919 2515 1998; x_wconf 88' lang='lat' dir='ltr'><strong>vitae,</strong></span> <span class='ocrx_word' id='word_1_107' title='bbox 2552 1928 2626 1983; x_wconf 93' lang='lat' dir='ltr'><strong>ut</strong></span> 
     </span>
     <span class='ocr_line' id='line_1_15' title="bbox 436 2021 2630 2107; baseline 0 -21"><span class='ocrx_word' id='word_1_108' title='bbox 436 2042 556 2107; x_wconf 93' lang='lat' dir='ltr'><strong>per</strong></span> <span class='ocrx_word' id='word_1_109' title='bbox 607 2022 818 2086; x_wconf 88' lang='lat' dir='ltr'><strong>multa</strong></span> <span class='ocrx_word' id='word_1_110' title='bbox 865 2021 1187 2087; x_wconf 89' lang='lat' dir='ltr'><strong>curricula</strong></span> <span class='ocrx_word' id='word_1_111' title='bbox 1236 2042 1557 2086; x_wconf 87' lang='lat' dir='ltr'><strong>annorum</strong></span> <span class='ocrx_word' id='word_1_112' title='bbox 1615 2021 1833 2088; x_wconf 88' lang='lat' dir='ltr'><strong>laetus</strong></span> <span class='ocrx_word' id='word_1_113' title='bbox 1889 2023 2013 2087; x_wconf 88' lang='lat' dir='ltr'><strong>tibi</strong></span> <span class='ocrx_word' id='word_1_114' title='bbox 2070 2023 2233 2088; x_wconf 89' lang='lat' dir='ltr'><strong>haec</strong></span> <span class='ocrx_word' id='word_1_115' title='bbox 2299 2043 2420 2088; x_wconf 85' lang='lat' dir='ltr'><strong>sua</strong></span> <span class='ocrx_word' id='word_1_116' title='bbox 2469 2033 2630 2087; x_wconf 86' lang='lat' dir='ltr'><strong>vota</strong></span> 
     </span>
     <span class='ocr_line' id='line_1_16' title="bbox 433 2125 2628 2209; baseline 0 -19"><span class='ocrx_word' id='word_1_117' title='bbox 433 2125 788 2209; x_wconf 88' lang='lat' dir='ltr'><strong>persolvat,</strong></span> <span class='ocrx_word' id='word_1_118' title='bbox 839 2133 1042 2207; x_wconf 88' lang='lat' dir='ltr'><strong>atque</strong></span> <span class='ocrx_word' id='word_1_119' title='bbox 1091 2126 1178 2190; x_wconf 91' lang='lat' dir='ltr'><strong>ad</strong></span> <span class='ocrx_word' id='word_1_120' title='bbox 1224 2134 1526 2209; x_wconf 88' lang='lat' dir='ltr'><strong>optatam</strong></span> <span class='ocrx_word' id='word_1_121' title='bbox 1579 2127 1920 2209; x_wconf 88' lang='lat' dir='ltr'><strong>perveniat</strong></span> <span class='ocrx_word' id='word_1_122' title='bbox 1963 2135 2387 2206; x_wconf 89' lang='lat' dir='ltr'><strong>senectutem,</strong></span> <span class='ocrx_word' id='word_1_123' title='bbox 2439 2135 2507 2191; x_wconf 93' lang='lat' dir='ltr'><strong>et</strong></span> <span class='ocrx_word' id='word_1_124' title='bbox 2556 2135 2628 2191; x_wconf 90' lang='lat' dir='ltr'><strong>te</strong></span> 
     </span>
     <span class='ocr_line' id='line_1_17' title="bbox 437 2227 2042 2295; baseline 0.001 -1"><span class='ocrx_word' id='word_1_125' title='bbox 437 2228 790 2294; x_wconf 86' lang='lat' dir='ltr'><strong>benedicat</strong></span> <span class='ocrx_word' id='word_1_126' title='bbox 821 2229 1133 2294; x_wconf 88' lang='lat' dir='ltr'><strong>omnibus</strong></span> <span class='ocrx_word' id='word_1_127' title='bbox 1162 2227 1396 2293; x_wconf 90' lang='lat' dir='ltr'><strong>diebus</strong></span> <span class='ocrx_word' id='word_1_128' title='bbox 1425 2229 1603 2294; x_wconf 90' lang='lat' dir='ltr'><strong>vitae</strong></span> <span class='ocrx_word' id='word_1_129' title='bbox 1631 2250 1809 2294; x_wconf 88' lang='lat' dir='ltr'><strong>suae.</strong></span> <span class='ocrx_word' id='word_1_130' title='bbox 1901 2229 2042 2295; x_wconf 89' lang='lat' dir='ltr'><strong>Per.</strong></span> 
     </span>
    </p>
   </div>
   <div class='ocr_carea' id='block_1_6' title="bbox 1281 2375 1789 2432">
    <p class='ocr_par' dir='ltr' id='par_1_6' title="bbox 1281 2375 1789 2432">
     <span class='ocr_line' id='line_1_18' title="bbox 1281 2375 1789 2432; baseline 0.002 -1"><span class='ocrx_word' id='word_1_131' title='bbox 1281 2375 1789 2432; x_wconf 79' lang='lat' dir='ltr'><strong>Postoommun.</strong></span> 
     </span>
    </p>
   </div>
   <div class='ocr_carea' id='block_1_7' title="bbox 293 2485 2629 3091">
    <p class='ocr_par' dir='ltr' id='par_1_7' title="bbox 435 2485 2629 2885">
     <span class='ocr_line' id='line_1_19' title="bbox 526 2485 2626 2570; baseline -0.001 -17"><span class='ocrx_word' id='word_1_132' title='bbox 526 2488 732 2566; x_wconf 75' lang='lat' dir='ltr'><strong>DeuS,</strong></span> <span class='ocrx_word' id='word_1_133' title='bbox 757 2487 898 2554; x_wconf 87' lang='lat' dir='ltr'><strong>vita</strong></span> <span class='ocrx_word' id='word_1_134' title='bbox 933 2485 1248 2563; x_wconf 88' lang='lat' dir='ltr'><strong>fidelium,</strong></span> <span class='ocrx_word' id='word_1_135' title='bbox 1285 2489 1662 2553; x_wconf 89' lang='lat' dir='ltr'><strong>timentium</strong></span> <span class='ocrx_word' id='word_1_136' title='bbox 1701 2498 1769 2553; x_wconf 89' lang='lat' dir='ltr'><strong>te</strong></span> <span class='ocrx_word' id='word_1_137' title='bbox 1808 2485 2098 2553; x_wconf 88' lang='lat' dir='ltr'><strong>salvator</strong></span> <span class='ocrx_word' id='word_1_138' title='bbox 2136 2497 2206 2554; x_wconf 90' lang='lat' dir='ltr'><strong>et</strong></span> <span class='ocrx_word' id='word_1_139' title='bbox 2244 2497 2481 2568; x_wconf 79' lang='lat' dir='ltr'><strong>custoS,</strong></span> <span class='ocrx_word' id='word_1_140' title='bbox 2512 2487 2626 2570; x_wconf 89' lang='lat' dir='ltr'><strong>qui</strong></span> 
     </span>
     <span class='ocr_line' id='line_1_20' title="bbox 435 2590 2629 2676; baseline -0.002 -18"><span class='ocrx_word' id='word_1_141' title='bbox 435 2591 752 2658; x_wconf 84' lang='lat' dir='ltr'><strong>famulum</strong></span> <span class='ocrx_word' id='word_1_142' title='bbox 812 2601 1000 2658; x_wconf 91' lang='lat' dir='ltr'><strong>tuum</strong></span> <span class='ocrx_word' id='word_1_143' title='bbox 1061 2590 1264 2655; x_wconf 89' lang='lat' dir='ltr'><em>Illum</em></span> <span class='ocrx_word' id='word_1_144' title='bbox 1321 2592 1407 2655; x_wconf 88' lang='lat' dir='ltr'><strong>ad</strong></span> <span class='ocrx_word' id='word_1_145' title='bbox 1459 2591 1627 2656; x_wconf 89' lang='lat' dir='ltr'><strong>hanc</strong></span> <span class='ocrx_word' id='word_1_146' title='bbox 1674 2592 1851 2656; x_wconf 89' lang='lat' dir='ltr'><strong>diem</strong></span> <span class='ocrx_word' id='word_1_147' title='bbox 1904 2592 2142 2658; x_wconf 86' lang='lat' dir='ltr'><strong>natalis</strong></span> <span class='ocrx_word' id='word_1_148' title='bbox 2192 2593 2294 2656; x_wconf 91' lang='lat' dir='ltr'><strong>sui</strong></span> <span class='ocrx_word' id='word_1_149' title='bbox 2344 2592 2629 2676; x_wconf 87' lang='lat' dir='ltr'><strong>genuini,</strong></span> 
     </span>
     <span class='ocr_line' id='line_1_21' title="bbox 437 2695 2627 2779; baseline -0.001 -17"><span class='ocrx_word' id='word_1_150' title='bbox 437 2706 709 2762; x_wconf 84' lang='lat' dir='ltr'><strong>exemto</strong></span> <span class='ocrx_word' id='word_1_151' title='bbox 751 2715 944 2774; x_wconf 92' lang='lat' dir='ltr'><strong>anno,</strong></span> <span class='ocrx_word' id='word_1_152' title='bbox 990 2697 1349 2779; x_wconf 87' lang='lat' dir='ltr'><strong>perducere</strong></span> <span class='ocrx_word' id='word_1_153' title='bbox 1400 2695 1713 2779; x_wconf 89' lang='lat' dir='ltr'><strong>dignatus</strong></span> <span class='ocrx_word' id='word_1_154' title='bbox 1758 2715 1845 2775; x_wconf 89' lang='lat' dir='ltr'><strong>es,</strong></span> <span class='ocrx_word' id='word_1_155' title='bbox 1886 2696 2167 2779; x_wconf 88' lang='lat' dir='ltr'><strong>gratiam</strong></span> <span class='ocrx_word' id='word_1_156' title='bbox 2217 2696 2283 2759; x_wconf 90' lang='lat' dir='ltr'><strong>in</strong></span> <span class='ocrx_word' id='word_1_157' title='bbox 2328 2716 2408 2760; x_wconf 90' lang='lat' dir='ltr'><strong>eo</strong></span> <span class='ocrx_word' id='word_1_158' title='bbox 2450 2696 2627 2762; x_wconf 87' lang='lat' dir='ltr'><strong>vitae</strong></span> 
     </span>
     <span class='ocr_line' id='line_1_22' title="bbox 439 2799 2628 2885; baseline 0 -21"><span class='ocrx_word' id='word_1_159' title='bbox 439 2799 831 2885; x_wconf 91' lang='lat' dir='ltr'><strong>protectoris</strong></span> <span class='ocrx_word' id='word_1_160' title='bbox 875 2807 1250 2881; x_wconf 88' lang='lat' dir='ltr'><strong>augmenta,</strong></span> <span class='ocrx_word' id='word_1_161' title='bbox 1295 2807 1362 2863; x_wconf 90' lang='lat' dir='ltr'><strong>et</strong></span> <span class='ocrx_word' id='word_1_162' title='bbox 1408 2799 1549 2864; x_wconf 87' lang='lat' dir='ltr'><strong>dies</strong></span> <span class='ocrx_word' id='word_1_163' title='bbox 1594 2800 1736 2863; x_wconf 90' lang='lat' dir='ltr'><strong>eius</strong></span> <span class='ocrx_word' id='word_1_164' title='bbox 1784 2819 2106 2863; x_wconf 89' lang='lat' dir='ltr'><strong>annorum</strong></span> <span class='ocrx_word' id='word_1_165' title='bbox 2154 2801 2628 2864; x_wconf 88' lang='lat' dir='ltr'><strong>numerositate</strong></span> 
     </span>
    </p>

    <p class='ocr_par' dir='ltr' id='par_1_8' title="bbox 293 2901 2628 3091">
     <span class='ocr_line' id='line_1_23' title="bbox 293 2901 2628 2987; baseline 0.003 -25"><span class='ocrx_word' id='word_1_166' title='bbox 293 2907 410 2964; x_wconf 87' lang='lat'>&#39;725</span> <span class='ocrx_word' id='word_1_167' title='bbox 445 2903 828 2987; x_wconf 89' lang='lat' dir='ltr'><strong>multiplica,</strong></span> <span class='ocrx_word' id='word_1_168' title='bbox 861 2933 884 2958; x_wconf 65' lang='lat' dir='ltr'><em>a</em></span> <span class='ocrx_word' id='word_1_169' title='bbox 917 2912 992 2967; x_wconf 98' lang='lat' dir='ltr'><strong>ut</strong></span> <span class='ocrx_word' id='word_1_170' title='bbox 1023 2912 1092 2966; x_wconf 93' lang='lat' dir='ltr'><strong>te</strong></span> <span class='ocrx_word' id='word_1_171' title='bbox 1121 2911 1471 2980; x_wconf 85' lang='lat' dir='ltr'><strong>annuente,</strong></span> <span class='ocrx_word' id='word_1_172' title='bbox 1503 2923 1620 2986; x_wconf 91' lang='lat' dir='ltr'><strong>per</strong></span> <span class='ocrx_word' id='word_1_173' title='bbox 1649 2901 1907 2967; x_wconf 86' lang='lat' dir='ltr'><strong>felicem</strong></span> <span class='ocrx_word' id='word_1_174' title='bbox 1937 2911 2287 2987; x_wconf 87' lang='lat' dir='ltr'><strong>provectus</strong></span> <span class='ocrx_word' id='word_1_175' title='bbox 2316 2912 2628 2982; x_wconf 90' lang='lat' dir='ltr'><strong>aetatem,</strong></span> 
     </span>
     <span class='ocr_line' id='line_1_24' title="bbox 437 3006 2627 3091; baseline -0 -19"><span class='ocrx_word' id='word_1_176' title='bbox 437 3008 524 3072; x_wconf 92' lang='lat' dir='ltr'><strong>ad</strong></span> <span class='ocrx_word' id='word_1_177' title='bbox 555 3007 996 3090; x_wconf 88' lang='lat' dir='ltr'><strong>principatum</strong></span> <span class='ocrx_word' id='word_1_178' title='bbox 1043 3006 1425 3071; x_wconf 89' lang='lat' dir='ltr'><strong>caelestium</strong></span> <span class='ocrx_word' id='word_1_179' title='bbox 1470 3007 1861 3090; x_wconf 83' lang='lat' dir='ltr'><strong>gaudiorum</strong></span> <span class='ocrx_word' id='word_1_180' title='bbox 1899 3008 2237 3091; x_wconf 90' lang='lat' dir='ltr'><strong>pervenire</strong></span> <span class='ocrx_word' id='word_1_181' title='bbox 2283 3016 2627 3072; x_wconf 90' lang='lat' dir='ltr'><strong>mereatur.</strong></span> 
     </span>
    </p>
   </div>
   <div class='ocr_carea' id='block_1_8' title="bbox 437 3111 581 3175">
    <p class='ocr_par' dir='ltr' id='par_1_9' title="bbox 437 3111 581 3175">
     <span class='ocr_line' id='line_1_25' title="bbox 437 3111 581 3175; baseline 0 -1"><span class='ocrx_word' id='word_1_182' title='bbox 437 3111 581 3175; x_wconf 91' lang='lat' dir='ltr'><strong>Per.</strong></span> 
     </span>
    </p>
   </div>
   <div class='ocr_carea' id='block_1_9' title="bbox 429 3227 2627 3692">
    <p class='ocr_par' dir='ltr' id='par_1_10' title="bbox 429 3227 2627 3492">
     <span class='ocr_line' id='line_1_26' title="bbox 503 3227 2624 3324; baseline 0 -46"><span class='ocrx_word' id='word_1_183' title='bbox 503 3227 520 3255; x_wconf 87' lang='lat'><em>¹</em></span> <span class='ocrx_word' id='word_1_184' title='bbox 554 3229 614 3278; x_wconf 79' lang='lat' dir='ltr'><strong>in</strong></span> <span class='ocrx_word' id='word_1_185' title='bbox 635 3229 727 3278; x_wconf 83' lang='lat' dir='ltr'><strong>hac</strong></span> <span class='ocrx_word' id='word_1_186' title='bbox 747 3229 872 3288; x_wconf 81' lang='lat' dir='ltr'><strong>vita,</strong></span> <span class='ocrx_word' id='word_1_187' title='bbox 895 3245 954 3278; x_wconf 81' lang='lat' dir='ltr'><strong>so</strong></span> <span class='ocrx_word' id='word_1_188' title='bbox 976 3228 1088 3291; x_wconf 96' lang='lat' dir='ltr'>V.(</span> <span class='ocrx_word' id='word_1_189' title='bbox 1067 3227 1591 3324; x_wconf 60' lang='lat' dir='ltr'><strong>(mgrammaueally).</strong></span> <span class='ocrx_word' id='word_1_190' title='bbox 1787 3227 1808 3257; x_wconf 77' lang='lat'>²</span> <span class='ocrx_word' id='word_1_191' title='bbox 1829 3229 2037 3294; x_wconf 83' lang='lat' dir='ltr'><strong>prodere</strong></span> <span class='ocrx_word' id='word_1_192' title='bbox 2059 3229 2123 3278; x_wconf 90' lang='lat' dir='ltr'><strong>V.</strong></span> <span class='ocrx_word' id='word_1_193' title='bbox 2318 3227 2341 3256; x_wconf 80' lang='lat'><strong>³</strong></span> <span class='ocrx_word' id='word_1_194' title='bbox 2371 3245 2514 3279; x_wconf 80' lang='lat' dir='ltr'><strong>omne</strong></span> <span class='ocrx_word' id='word_1_195' title='bbox 2536 3267 2547 3280; x_wconf 92' lang='lat'>.</span> <span class='ocrx_word' id='word_1_196' title='bbox 2575 3265 2587 3277; x_wconf 94' lang='lat'>.</span> <span class='ocrx_word' id='word_1_197' title='bbox 2612 3267 2624 3279; x_wconf 96' lang='lat'>.</span> 
     </span>
     <span class='ocr_line' id='line_1_27' title="bbox 435 3293 2625 3359; baseline -0.001 -15"><span class='ocrx_word' id='word_1_198' title='bbox 435 3300 593 3344; x_wconf 80' lang='lat' dir='ltr'><strong>aetate</strong></span> <span class='ocrx_word' id='word_1_199' title='bbox 615 3295 680 3344; x_wconf 89' lang='lat' dir='ltr'><strong>V.</strong></span> <span class='ocrx_word' id='word_1_200' title='bbox 707 3293 974 3359; x_wconf 85' lang='lat' dir='ltr'><strong>(probably</strong></span> <span class='ocrx_word' id='word_1_201' title='bbox 995 3294 1096 3344; x_wconf 79' lang='lat' dir='ltr'><strong>abl.</strong></span> <span class='ocrx_word' id='word_1_202' title='bbox 1121 3294 1199 3343; x_wconf 81' lang='lat' dir='ltr'><strong>for</strong></span> <span class='ocrx_word' id='word_1_203' title='bbox 1220 3295 1363 3356; x_wconf 65' lang='lat' dir='ltr'><strong>ace).</strong></span> <span class='ocrx_word' id='word_1_204' title='bbox 1591 3294 1798 3344; x_wconf 71' lang='grc' dir='ltr'><strong>ιίιυίηαε</strong></span> <span class='ocrx_word' id='word_1_205' title='bbox 1820 3297 1886 3345; x_wconf 90' lang='lat' dir='ltr'><strong>V.</strong></span> <span class='ocrx_word' id='word_1_206' title='bbox 2062 3296 2083 3326; x_wconf 78' lang='lat'>⁵</span> <span class='ocrx_word' id='word_1_207' title='bbox 2112 3301 2439 3358; x_wconf 78' lang='lat' dir='ltr'><strong>augmentum</strong></span> <span class='ocrx_word' id='word_1_208' title='bbox 2460 3311 2521 3344; x_wconf 88' lang='lat' dir='ltr'><strong>so</strong></span> <span class='ocrx_word' id='word_1_209' title='bbox 2544 3295 2625 3353; x_wconf 90' lang='lat' dir='ltr'><strong>V.,</strong></span> 
     </span>
     <span class='ocr_line' id='line_1_28' title="bbox 435 3358 2627 3450; baseline 0 -41"><span class='ocrx_word' id='word_1_210' title='bbox 435 3361 649 3426; x_wconf 76' lang='lat' dir='ltr'><strong>perhaps</strong></span> <span class='ocrx_word' id='word_1_211' title='bbox 669 3359 1161 3450; x_wconf 75' lang='lat' dir='ltr'><strong>ungrammatically3</strong></span> <span class='ocrx_word' id='word_1_212' title='bbox 1195 3360 1452 3410; x_wconf 76' lang='lat' dir='ltr'><strong>Tommasi</strong></span> <span class='ocrx_word' id='word_1_213' title='bbox 1475 3359 1618 3410; x_wconf 83' lang='lat' dir='ltr'><strong>reads</strong></span> <span class='ocrx_word' id='word_1_214' title='bbox 1639 3367 1915 3423; x_wconf 79' lang='lat' dir='ltr'><strong>augmento.</strong></span> <span class='ocrx_word' id='word_1_215' title='bbox 2093 3358 2114 3388; x_wconf 82' lang='lat'>⁸</span> <span class='ocrx_word' id='word_1_216' title='bbox 2145 3377 2257 3410; x_wconf 86' lang='lat' dir='ltr'><strong>cum</strong></span> <span class='ocrx_word' id='word_1_217' title='bbox 2280 3361 2345 3410; x_wconf 87' lang='lat' dir='ltr'><strong>V.</strong></span> <span class='ocrx_word' id='word_1_218' title='bbox 2519 3359 2539 3390; x_wconf 79' lang='lat'><strong>&#39;¹</strong></span> <span class='ocrx_word' id='word_1_219' title='bbox 2571 3360 2627 3410; x_wconf 83' lang='lat' dir='ltr'><strong>ob</strong></span> 
     </span>
     <span class='ocr_line' id='line_1_29' title="bbox 429 3423 1364 3492; baseline -0.005 -15"><span class='ocrx_word' id='word_1_220' title='bbox 429 3443 588 3476; x_wconf 77' lang='lat' dir='ltr'><strong>seems</strong></span> <span class='ocrx_word' id='word_1_221' title='bbox 608 3425 930 3492; x_wconf 81' lang='lat' dir='ltr'><strong>superfluous,</strong></span> <span class='ocrx_word' id='word_1_222' title='bbox 1123 3423 1282 3473; x_wconf 72' lang='lat' dir='ltr'><strong>⁸sm‘s</strong></span> <span class='ocrx_word' id='word_1_223' title='bbox 1304 3425 1364 3474; x_wconf 93' lang='lat' dir='ltr'>V.</span> 
     </span>
    </p>

    <p class='ocr_par' dir='ltr' id='par_1_11' title="bbox 1448 3637 1628 3692">
     <span class='ocr_line' id='line_1_30' title="bbox 1448 3637 1628 3692; baseline 0 0"><span class='ocrx_word' id='word_1_224' title='bbox 1448 3637 1628 3692; x_wconf 81' lang='lat' dir='ltr'>LIV.</span> 
     </span>
    </p>
   </div>
   <div class='ocr_carea' id='block_1_10' title="bbox 469 3769 2581 3836">
    <p class='ocr_par' dir='ltr' id='par_1_12' title="bbox 469 3769 2581 3836">
     <span class='ocr_line' id='line_1_31' title="bbox 469 3769 2581 3836; baseline -0.002 0"><span class='ocrx_word' id='word_1_225' title='bbox 469 3769 906 3836; x_wconf 83' lang='lat' dir='ltr'>ORATIONES</span> <span class='ocrx_word' id='word_1_226' title='bbox 951 3782 1053 3832; x_wconf 89' lang='lat' dir='ltr'><strong>AD</strong></span> <span class='ocrx_word' id='word_1_227' title='bbox 1101 3781 1379 3834; x_wconf 88' lang='lat' dir='ltr'>MISSAM</span> <span class='ocrx_word' id='word_1_228' title='bbox 1431 3781 1570 3832; x_wconf 90' lang='lat' dir='ltr'><strong>PRO</strong></span> <span class='ocrx_word' id='word_1_229' title='bbox 1615 3781 2104 3832; x_wconf 88' lang='lat' dir='ltr'><strong>STERILITATE</strong></span> <span class='ocrx_word' id='word_1_230' title='bbox 2150 3781 2581 3834; x_wconf 85' lang='lat' dir='ltr'>MULIERUM.</span> 
     </span>
    </p>
   </div>
   <div class='ocr_carea' id='block_1_11' title="bbox 427 3905 2629 4508">
    <p class='ocr_par' dir='ltr' id='par_1_13' title="bbox 427 3905 2629 4508">
     <span class='ocr_line' id='line_1_32' title="bbox 525 3905 2629 3990; baseline 0 -19"><span class='ocrx_word' id='word_1_231' title='bbox 525 3908 729 3984; x_wconf 84' lang='lat' dir='ltr'><strong>DeuS,</strong></span> <span class='ocrx_word' id='word_1_232' title='bbox 779 3907 896 3989; x_wconf 91' lang='lat' dir='ltr'><strong>qui</strong></span> <span class='ocrx_word' id='word_1_233' title='bbox 955 3915 1324 3971; x_wconf 88' lang='lat' dir='ltr'><strong>emortuam</strong></span> <span class='ocrx_word' id='word_1_234' title='bbox 1373 3905 1639 3971; x_wconf 88' lang='lat' dir='ltr'><strong>vulvam</strong></span> <span class='ocrx_word' id='word_1_235' title='bbox 1703 3905 1939 3971; x_wconf 77' lang='lat' dir='ltr'><strong>Sarrae</strong></span> <span class='ocrx_word' id='word_1_236' title='bbox 1986 3907 2081 3970; x_wconf 90' lang='lat' dir='ltr'><strong>ita</strong></span> <span class='ocrx_word' id='word_1_237' title='bbox 2139 3925 2257 3990; x_wconf 86' lang='lat' dir='ltr'><strong>per</strong></span> <span class='ocrx_word' id='word_1_238' title='bbox 2305 3905 2629 3972; x_wconf 86' lang='lat' dir='ltr'><strong>Abrahae</strong></span> 
     </span>
     <span class='ocr_line' id='line_1_33' title="bbox 434 4009 2626 4094; baseline -0 -19"><span class='ocrx_word' id='word_1_239' title='bbox 434 4031 662 4076; x_wconf 88' lang='lat' dir='ltr'><strong>semen</strong></span> <span class='ocrx_word' id='word_1_240' title='bbox 725 4009 1078 4074; x_wconf 86' lang='lat' dir='ltr'><strong>fecundare</strong></span> <span class='ocrx_word' id='word_1_241' title='bbox 1136 4010 1448 4092; x_wconf 87' lang='lat' dir='ltr'><strong>dignatus</strong></span> <span class='ocrx_word' id='word_1_242' title='bbox 1507 4030 1597 4089; x_wconf 92' lang='lat' dir='ltr'><strong>es,</strong></span> <span class='ocrx_word' id='word_1_243' title='bbox 1649 4018 1725 4074; x_wconf 90' lang='lat' dir='ltr'><strong>ut</strong></span> <span class='ocrx_word' id='word_1_244' title='bbox 1778 4010 1840 4074; x_wconf 89' lang='lat' dir='ltr'><strong>ei</strong></span> <span class='ocrx_word' id='word_1_245' title='bbox 1900 4010 2097 4074; x_wconf 90' lang='lat' dir='ltr'><strong>etiam</strong></span> <span class='ocrx_word' id='word_1_246' title='bbox 2151 4019 2381 4076; x_wconf 88' lang='lat' dir='ltr'><strong>contra</strong></span> <span class='ocrx_word' id='word_1_247' title='bbox 2438 4031 2626 4094; x_wconf 89' lang='lat' dir='ltr'><strong>spem</strong></span> 
     </span>
     <span class='ocr_line' id='line_1_34' title="bbox 435 4113 2627 4199; baseline 0 -21"><span class='ocrx_word' id='word_1_248' title='bbox 435 4115 698 4178; x_wconf 89' lang='lat' dir='ltr'><strong>soboles</strong></span> <span class='ocrx_word' id='word_1_249' title='bbox 750 4123 1147 4188; x_wconf 89' lang='lat' dir='ltr'><strong>nasceretur,</strong></span> <span class='ocrx_word' id='word_1_250' title='bbox 1199 4133 1424 4196; x_wconf 89' lang='lat' dir='ltr'><strong>preces</strong></span> <span class='ocrx_word' id='word_1_251' title='bbox 1477 4113 1765 4179; x_wconf 85' lang='lat' dir='ltr'><strong>famulae</strong></span> <span class='ocrx_word' id='word_1_252' title='bbox 1811 4123 1967 4179; x_wconf 88' lang='lat' dir='ltr'><strong>tuae</strong></span> <span class='ocrx_word' id='word_1_253' title='bbox 2024 4113 2237 4193; x_wconf 84' lang='lat' dir='ltr'><strong>Illius,</strong></span> <span class='ocrx_word' id='word_1_254' title='bbox 2288 4135 2411 4199; x_wconf 93' lang='lat' dir='ltr'><strong>pro</strong></span> <span class='ocrx_word' id='word_1_255' title='bbox 2468 4135 2627 4181; x_wconf 90' lang='lat' dir='ltr'><strong>suae</strong></span> 
     </span>
     <span class='ocr_line' id='line_1_35' title="bbox 436 4215 2625 4302; baseline -0 -19"><span class='ocrx_word' id='word_1_256' title='bbox 436 4219 781 4283; x_wconf 90' lang='lat' dir='ltr'><strong>sterilitate</strong></span> <span class='ocrx_word' id='word_1_257' title='bbox 803 4217 1214 4300; x_wconf 88' lang='lat' dir='ltr'><strong>deprecantis</strong></span> <span class='ocrx_word' id='word_1_258' title='bbox 1230 4216 1271 4294; x_wconf 88' lang='lat'><strong>¹,</strong></span> <span class='ocrx_word' id='word_1_259' title='bbox 1294 4218 1621 4302; x_wconf 88' lang='lat' dir='ltr'><strong>propitius</strong></span> <span class='ocrx_word' id='word_1_260' title='bbox 1640 4217 1903 4301; x_wconf 88' lang='lat' dir='ltr'><strong>respice,</strong></span> <span class='ocrx_word' id='word_1_261' title='bbox 1924 4227 1991 4283; x_wconf 90' lang='lat' dir='ltr'><strong>et</strong></span> <span class='ocrx_word' id='word_1_262' title='bbox 2010 4219 2068 4282; x_wconf 90' lang='lat' dir='ltr'><strong>ei</strong></span> <span class='ocrx_word' id='word_1_263' title='bbox 2080 4215 2106 4253; x_wconf 79' lang='lat'>²</span> <span class='ocrx_word' id='word_1_264' title='bbox 2124 4218 2311 4283; x_wconf 86' lang='lat' dir='ltr'><strong>iuxta</strong></span> <span class='ocrx_word' id='word_1_265' title='bbox 2328 4228 2625 4283; x_wconf 88' lang='lat' dir='ltr'><strong>tenorem</strong></span> 
     </span>
     <span class='ocr_line' id='line_1_36' title="bbox 439 4320 2623 4403; baseline 0 -18"><span class='ocrx_word' id='word_1_266' title='bbox 439 4322 979 4403; x_wconf 88' lang='lat' dir='ltr'><strong>praecedentium</strong></span> <span class='ocrx_word' id='word_1_267' title='bbox 1025 4331 1290 4403; x_wconf 89' lang='lat' dir='ltr'><strong>patrum</strong></span> <span class='ocrx_word' id='word_1_268' title='bbox 1343 4331 1411 4386; x_wconf 91' lang='lat' dir='ltr'><strong>et</strong></span> <span class='ocrx_word' id='word_1_269' title='bbox 1463 4320 1935 4387; x_wconf 85' lang='lat' dir='ltr'><strong>fecunditatem</strong></span> <span class='ocrx_word' id='word_1_270' title='bbox 1979 4323 2247 4398; x_wconf 83' lang='lat' dir='ltr'><strong>tribuas,</strong></span> <span class='ocrx_word' id='word_1_271' title='bbox 2292 4331 2360 4386; x_wconf 91' lang='lat' dir='ltr'><strong>et</strong></span> <span class='ocrx_word' id='word_1_272' title='bbox 2419 4321 2623 4386; x_wconf 86' lang='lat' dir='ltr'><strong>filium</strong></span> 
     </span>
     <span class='ocr_line' id='line_1_37' title="bbox 427 4424 1655 4508; baseline 0 -20"><span class='ocrx_word' id='word_1_273' title='bbox 427 4445 639 4508; x_wconf 88' lang='lat' dir='ltr'><strong>quem</strong></span> <span class='ocrx_word' id='word_1_274' title='bbox 679 4425 1022 4490; x_wconf 88' lang='lat' dir='ltr'><strong>donaveris</strong></span> <span class='ocrx_word' id='word_1_275' title='bbox 1053 4424 1420 4490; x_wconf 77' lang='lat' dir='ltr'><strong>benedicas,</strong></span> <span class='ocrx_word' id='word_1_276' title='bbox 1513 4427 1655 4490; x_wconf 89' lang='lat' dir='ltr'><strong>Per.</strong></span> 
     </span>
    </p>
   </div>
   <div class='ocr_carea' id='block_1_12' title="bbox 435 4544 2624 4837">
    <p class='ocr_par' dir='ltr' id='par_1_14' title="bbox 435 4544 2624 4837">
     <span class='ocr_line' id='line_1_38' title="bbox 525 4544 2623 4630; baseline 0 -20"><span class='ocrx_word' id='word_1_277' title='bbox 525 4545 732 4624; x_wconf 89' lang='lat' dir='ltr'><strong>Deus,</strong></span> <span class='ocrx_word' id='word_1_278' title='bbox 783 4544 898 4628; x_wconf 89' lang='lat' dir='ltr'><strong>qui</strong></span> <span class='ocrx_word' id='word_1_279' title='bbox 943 4544 1262 4610; x_wconf 87' lang='lat' dir='ltr'><strong>famulum</strong></span> <span class='ocrx_word' id='word_1_280' title='bbox 1308 4554 1496 4610; x_wconf 90' lang='lat' dir='ltr'><strong>tuum</strong></span> <span class='ocrx_word' id='word_1_281' title='bbox 1545 4547 1733 4611; x_wconf 89' lang='lat' dir='ltr'><strong>Isaac</strong></span> <span class='ocrx_word' id='word_1_282' title='bbox 1778 4566 1901 4629; x_wconf 92' lang='lat' dir='ltr'><strong>pro</strong></span> <span class='ocrx_word' id='word_1_283' title='bbox 1942 4545 2289 4612; x_wconf 83' lang='lat' dir='ltr'><strong>sterilitate</strong></span> <span class='ocrx_word' id='word_1_284' title='bbox 2333 4546 2623 4630; x_wconf 89' lang='lat' dir='ltr'><strong>coniugii</strong></span> 
     </span>
     <span class='ocr_line' id='line_1_39' title="bbox 437 4648 2624 4731; baseline 0.001 -20"><span class='ocrx_word' id='word_1_285' title='bbox 437 4648 538 4712; x_wconf 84' lang='lat' dir='ltr'><strong>sui</strong></span> <span class='ocrx_word' id='word_1_286' title='bbox 572 4658 639 4713; x_wconf 91' lang='lat' dir='ltr'><strong>te</strong></span> <span class='ocrx_word' id='word_1_287' title='bbox 657 4649 1117 4731; x_wconf 89' lang='lat' dir='ltr'><strong>deprecantem</strong></span> <span class='ocrx_word' id='word_1_288' title='bbox 1141 4649 1477 4727; x_wconf 86' lang='lat' dir='ltr'><strong>exaudire,</strong></span> <span class='ocrx_word' id='word_1_289' title='bbox 1501 4658 1569 4714; x_wconf 91' lang='lat' dir='ltr'><strong>et</strong></span> <span class='ocrx_word' id='word_1_290' title='bbox 1591 4658 1985 4730; x_wconf 90' lang='lat' dir='ltr'><strong>conceptum</strong></span> <span class='ocrx_word' id='word_1_291' title='bbox 2013 4648 2357 4712; x_wconf 89' lang='lat' dir='ltr'><strong>Rebeccae</strong></span> <span class='ocrx_word' id='word_1_292' title='bbox 2375 4649 2624 4714; x_wconf 91' lang='lat' dir='ltr'><strong>donare</strong></span> 
     </span>
     <span class='ocr_line' id='line_1_40' title="bbox 435 4751 2624 4837; baseline 0.001 -21"><span class='ocrx_word' id='word_1_293' title='bbox 435 4754 754 4837; x_wconf 87' lang='lat' dir='ltr'><strong>dignatus</strong></span> <span class='ocrx_word' id='word_1_294' title='bbox 807 4772 896 4830; x_wconf 86' lang='lat' dir='ltr'><strong>es,</strong></span> <span class='ocrx_word' id='word_1_295' title='bbox 948 4772 1173 4835; x_wconf 87' lang='lat' dir='ltr'><strong>preces</strong></span> <span class='ocrx_word' id='word_1_296' title='bbox 1233 4751 1518 4817; x_wconf 82' lang='lat' dir='ltr'><strong>famulae</strong></span> <span class='ocrx_word' id='word_1_297' title='bbox 1577 4763 1731 4818; x_wconf 88' lang='lat' dir='ltr'><strong>tuae</strong></span> <span class='ocrx_word' id='word_1_298' title='bbox 1782 4751 1977 4818; x_wconf 80' lang='lat' dir='ltr'><em>Illius</em></span> <span class='ocrx_word' id='word_1_299' title='bbox 2027 4773 2148 4835; x_wconf 91' lang='lat' dir='ltr'><strong>pro</strong></span> <span class='ocrx_word' id='word_1_300' title='bbox 2198 4752 2624 4836; x_wconf 83' lang='lat' dir='ltr'><strong>percipienda</strong></span> 
     </span>
    </p>
   </div>
  </div>
 </body>
</html>
