3342 5392
318 2470 441 2528 559

461 428 500 478 1.
526 424 622 491 ιι]
1079 421 1508 479 ROMANAE
1549 420 2035 479 ECCLESIAE.
2574 430 2657 501 73

459 590 638 654 ditor
681 596 966 653 mortem
1014 606 1222 665 suam,
1248 594 1318 651 et
1349 587 1639 652 cruentis
1684 587 1992 653 manibus
2036 606 2277 669 panem
2323 588 2409 653 de
2454 606 2656 652 manu

461 692 832 759 Salvatoris
863 691 1166 757 exiturus
1199 691 1476 773 accepit,
1505 700 1582 756 ut
1611 691 1986 774 saginatum
2018 690 2169 757 cibo
2199 690 2413 755 maior
2440 710 2661 775 poena

458 796 961 880 constringeret,
1006 813 1206 878 quem
1252 814 1375 859 nec
1427 814 1737 878 suprema
1778 794 1993 879 pietas
2010 792 2064 834 ⁶⁶
2096 814 2137 857 a
2180 793 2425 859 scelere
2472 814 2659 859 revo-

458 910 660 965 caret.
729 900 984 965 Patitur
1011 898 1236 982 itaque
1273 896 1603 962 Dominus
1643 908 1871 962 noster
1902 898 2086 962 Iesus
2119 894 2421 963 Christus
2451 896 2663 962 Filius

461 1015 614 1069 tuus
657 1024 808 1068 cum
854 1003 1044 1067 hoste
1089 1001 1522 1067 novissimum
1568 1001 1964 1086 participare
2007 1001 2401 1077 convivium,
2436 1021 2479 1065 a
2522 1021 2661 1083 quo

461 1128 536 1173 se
581 1115 856 1172 noverat
900 1106 1214 1171 continuo
1255 1104 1670 1182 traditurum,
1702 1113 1776 1170 ut
1816 1106 2202 1189 exemplum
2242 1105 2659 1169 innocentiae

461 1211 716 1276 mundo
757 1209 1129 1293 reliqueret,
1165 1218 1236 1275 et
1278 1210 1654 1294 passionem
1688 1229 1877 1275 suam
1922 1228 2045 1292 pro
2084 1207 2327 1274 saeculi
2356 1209 2660 1293 redemp-

460 1316 645 1381 tione
716 1312 1076 1400 suppleret.
1167 1313 1389 1378 Pascit
1461 1312 1660 1397 igitur
1734 1312 1914 1377 mitis
1931 1310 1985 1351 ⁶⁷
2057 1313 2243 1377 Deus
2306 1312 2659 1378 barbarum

466 1419 725 1497 Iudam,
755 1427 826 1482 et
855 1417 1137 1482 sustinet
1166 1416 1234 1481 in
1277 1436 1572 1481 mensam
1591 1416 1648 1455 ⁵⁸
1680 1414 2009 1481 crudelem
2056 1416 2419 1495 convivam,
2449 1417 2663 1482 donec

462 1543 536 1587 se
575 1542 699 1586 suo
746 1521 984 1605 laqueo
1029 1520 1336 1604 perderet
1355 1518 1408 1557 ⁶⁹
1437 1520 1550 1603 qui
1574 1518 1631 1558 ⁶⁰
1659 1521 1745 1585 de
1786 1520 2085 1604 magistri
2121 1520 2441 1604 sanguine
2480 1520 2661 1603 cogi-

461 1634 637 1691 tarat
659 1624 732 1688 ⁶¹.
822 1624 886 1691 O
940 1624 1307 1689 Dominum
1355 1643 1475 1706 per
1524 1624 1749 1687 omnia
1795 1625 2201 1707 patientem!
2269 1622 2333 1688 O
2378 1622 2661 1707 Agnum

462 1730 636 1793 inter
679 1748 832 1793 suas
877 1728 1108 1811 epulas
1155 1726 1430 1791 mitem!
1474 1726 1697 1793 adhuc
1740 1726 1963 1792 cibum
2008 1728 2149 1791 eius
2194 1726 2397 1792 Iudas
2437 1728 2505 1791 in
2547 1746 2663 1791 ore

463 1832 740 1911 ferebat,
787 1842 857 1897 et
910 1832 996 1895 ad
1047 1830 1361 1895 lanianda
1401 1831 1701 1895 membra
1736 1831 1874 1895 eius
1920 1830 2207 1895 Iudaeos
2251 1828 2585 1896 carnifices
2608 1828 2665 1869 ⁶²

463 1936 855 2002 advocabat.
948 1934 1085 2000 Sed
1133 1933 1340 1998 Filius
1368 1944 1524 1999 tuus
1563 1934 1897 1998 Dominus
1932 1943 2172 2013 noster,
2200 1943 2522 2017 tanquam
2553 1933 2665 2018 pia

465 2040 703 2119 hostia,
735 2048 806 2105 et
844 2038 1173 2103 immolari
1217 2059 1289 2103 se
1318 2038 1439 2102 tibi
1484 2058 1604 2121 pro
1649 2038 1843 2103 nobis
1889 2036 2215 2122 patienter
2248 2038 2565 2121 permisit,
2596 2046 2665 2102 et

465 2154 815 2227 peccatum
845 2143 1027 2225 quod
1060 2144 1347 2206 mundus
1376 2142 1800 2207 commiserat
1831 2142 2175 2208 relaxavit.
2225 2142 2351 2205 Per
2381 2142 2597 2226 ipsum
2612 2141 2669 2179 ⁶³

465 2258 536 2313 te
605 2247 896 2312 Domine
970 2246 1301 2331 supplices
1372 2244 1823 2331 deprecamur,
1897 2245 2181 2331 supplici
2252 2245 2668 2312 confessione

466 2352 782 2418 dicenteS.
825 2377 868 2434 γ

1093 2454 1298 2537 Infra
1321 2474 1622 2519 canonem
1651 2463 1730 2518 ut
1752 2464 1950 2537 supra
1968 2451 2046 2517 ⁶⁴.

1319 2583 1823 2639 Postoommun.

559 2694 890 2773 Concede,
931 2715 1332 2778 quaesumus
1370 2695 1677 2770 Domine,
1726 2704 1802 2760 ut
1842 2694 2133 2780 percepti
2158 2695 2215 2735 ⁶⁵
2256 2696 2409 2759 novi
2455 2715 2672 2761 sacra-
2722 2700 2989 2767 S·(⁶1⁸'b²'·)

473 2800 680 2866 menti
712 2800 1104 2882 mysterium
1134 2810 1205 2865 et
1233 2820 1508 2884 corpore
1542 2798 1907 2863 sentiamus
1936 2809 2006 2865 et
2036 2808 2275 2865 mente.
2366 2798 2507 2864 Per.
2666 2766 2986 2898 „2²3”ss
2985 2848 3037 2883 a.

1313 2962 1426 3018 Ad
1467 2962 1827 3031 Populum.

563 3070 850 3146 Praesta,
886 3090 1302 3153 quaesumuS,
1342 3070 1653 3150 Domine,
1696 3082 1771 3137 ut
1818 3072 1989 3137 sicut
2034 3072 2120 3136 de
2166 3070 2541 3155 praeteritis
2586 3070 2671 3135 ad
2725 3078 2776 3131 s.
2802 3076 2991 3142 (alibi-)

475 3194 652 3238 nova
668 3174 724 3215 ⁶⁰
798 3175 1173 3255 transimu3‚
1248 3177 1362 3251 ita,
1436 3184 1767 3240 vetustate
1839 3175 2165 3259 deposita,
2248 3175 2678 3241 sanctificatis
2726 3144 2906 3261 ἔξω·
2930 3144 3035 3209 77·]

2800 3226 2883 3261 on.
2943 3223 2970 3258 2
3008 3245 3024 3261 ο

476 3277 806 3343 mentibus
835 3278 1245 3343 innovemur.
1331 3278 1475 3343 Per.
2908 3223 2937 3272 ³
2974 3222 3003 3273 ⁵

541 3448 558 3478 ¹
596 3446 918 3509 Chr-amatis,
947 3464 1006 3499 so
1030 3447 1092 3499 V.
1124 3448 1338 3543 perhaps
1370 3449 1448 3499 for
1483 3448 1803 3500 chrismales.
1870 3448 1919 3499 S.
1946 3448 2036 3497 hu
2057 3454 2071 3478 ⁸
2085 3448 2250 3499 Missa
2285 3447 2545 3499 crismale!
2610 3450 2673 3500 R.

477 3513 568 3564 han
589 3521 677 3563 not
698 3514 785 3563 the
805 3514 986 3564 Massa.
1188 3516 1470 3565 minasten‘o
1490 3512 1546 3565 8²
1569 3514 1750 3575 Gerb.;
1784 3516 1847 3565 V.
1868 3515 1922 3566 S¹
1942 3530 1999 3565 υ
2019 3523 2124 3565 text
2148 3514 2675 3580 (ungrammntically).

477 3579 498 3609 ³
531 3585 592 3628 ut
613 3578 708 3638 V.;
739 3578 795 3629 8ι
817 3580 970 3629 Gerb.
995 3594 1055 3629 as
1075 3585 1194 3631 text.
1390 3579 1411 3609 ‘
1431 3580 1646 3645 perfecto
1668 3580 1765 3640 V.;
1798 3579 1849 3631 S.
1874 3580 2026 3631 Gerb.
2051 3595 2107 3629 as
2128 3587 2249 3630 text.
2444 3580 2467 3611 ⁸
2496 3586 2681 3645 augeat

475 3645 689 3695 salutem
713 3644 776 3693 V.
801 3644 1084 3708 (Tommasi
1107 3645 1252 3696 reads
1268 3653 1450 3709 augeat
1467 3645 1763 3705 salutarem)
1784 3662 1798 3701 ς
1833 3645 1887 3695 S²
1911 3645 2066 3697 Gerb.
2088 3661 2145 3695 as
2166 3652 2282 3695 text.
2512 3644 2534 3673 ⁸
2565 3646 2625 3695 ba
2664 3672 2679 3685 .

477 3711 624 3759 tis-mo
667 3708 828 3759 Leofr.
873 3710 1036 3772 Mnr.;
1086 3711 1147 3761 V.
1193 3726 1250 3760 as
1292 3718 1396 3760 text
1442 3711 1969 3775 (ungmmmnticauy).
2197 3708 2217 3738 '¹
2250 3710 2467 3760 obsorbta
2510 3710 2615 3760 Leo
2662 3746 2675 3758 .

477 3776 498 3805 ⁸
521 3775 662 3833 νόον,
683 3790 742 3824 so
765 3775 828 3824 V.
851 3774 1015 3825 Leofr.
1051 3776 1215 3836 Mur.;
1254 3775 1515 3826 Tommasi
1535 3778 1825 3827 substitute·
1854 3776 1996 3826 odore
2014 3794 2030 3825 t
2066 3777 2157 3827 but
2276 3776 2401 3840 hap·
2436 3776 2521 3827 the
2542 3792 2679 3827 error

477 3840 524 3890 is
557 3840 722 3890 rather
753 3840 804 3889 in
836 3847 1066 3891 sanctum
1101 3876 1115 3891 .
1149 3878 1164 3892 .
1199 3878 1213 3891 .
1248 3842 1502 3906 templum.
1810 3842 1832 3873 ⁸
1862 3842 1911 3892 S.
1952 3850 2144 3906 repeats
2178 3792 2277 3891 get
2302 3842 2494 3892 clauses
2532 3839 2679 3906 infra

478 3904 720 3955 actionem
743 3904 864 3956 with
887 3905 972 3956 the
1004 3922 1140 3957 same
1161 3906 1407 3956 variation
1440 3906 1570 3957 from
1599 3906 1745 3957 those
1776 3908 1830 3957 in
1863 3908 1948 3959 the
1979 3908 2207 3972 previous
2238 3908 2405 3957 Messa
2435 3906 2599 3957 which
2632 3908 2679 3958 is

478 3970 720 4021 observed
741 3971 798 4027 in
816 3971 878 4020 V.
945 3971 1089 4037 They
1111 3988 1196 4023 are
1217 3981 1306 4021 not
1328 3972 1561 4037 repeated
1582 3972 1634 4021 in
1659 3972 1812 4023 Gerb.
2068 3972 2111 4005 ¹⁰
2140 3974 2193 4024 S.
2216 3973 2367 4023 omits
2387 3972 2475 4022 sui
2497 3975 2572 4037 (at
2592 3973 2680 4023 the

478 4036 574 4085 end
612 4035 671 4085 os
702 4051 735 4086 ι
771 4034 943 4101 page).
1255 4037 1294 4067 ¹²
1345 4036 1536 4103 qfferre.
1603 4038 1709 4088 Per
1742 4038 2018 4089 Christum.
2088 4038 2255 4100 Quam
2294 4038 2584 4087 oblationem
2622 4036 2675 4089 S.

481 4100 520 4133 ¹²
551 4102 654 4151 For
671 4100 774 4151 this
794 4101 1034 4152 direction
1058 4102 1110 4154 S.
1131 4102 1224 4153 has
1247 4103 1404 4153 ‘Item
1430 4102 1491 4151 in
1521 4102 1703 4153 ultimo
1732 4110 2002 4171 antequam
2030 4104 2235 4153 dai-atur
2254 4104 2348 4153 Per
2374 4118 2525 4180 quem
2554 4103 2679 4153 haec

480 4168 666 4224 omnia,
689 4167 927 4225 Domine.
948 4167 1186 4219 benedicis
1205 4170 1366 4219 oleum
1377 4177 1476 4233 pro
1497 4169 1718 4231 infirmis·
1738 4169 1843 4219 sive
1962 4170 2146 4235 populo
2166 4168 2249 4219 his
2268 4166 2463 4219 ver-bas?
2524 4168 2677 4221 Gerb.

481 4233 642 4283 varies
661 4232 746 4282 the
765 4233 946 4292 rubrio,
970 4234 1070 4283 and
1091 4234 1264 4284 inserts
1285 4250 1348 4283 an
1371 4234 1613 4283 exorcism
1637 4234 1805 4285 before
1882 4250 1911 4285 e
1935 4235 2064 4285 form
2086 4234 2280 4284 Emitte
2307 4236 2408 4297 (see
2427 4241 2544 4284 note
2564 4234 2672 4299 4ο).

480 4297 519 4330 ¹⁸
549 4296 605 4348 8¹
627 4298 776 4349 Gerb.
798 4298 947 4349 insert
965 4306 1136 4351 tuum.
1305 4299 1344 4329 ¹*
1376 4300 1437 4348 in
1457 4300 1590 4349 hanc
1598 4299 1961 4363 pinguedinem
1981 4300 2142 4350 olivae
2162 4298 2219 4350 8²
2240 4300 2423 4359 Gerb.;
2458 4300 2521 4348 V.
2544 4299 2600 4350 S¹
2621 4315 2679 4350 aa

481 4370 583 4413 text
606 4364 1134 4429 (ungrammatically).
1409 4364 1445 4394 ¹⁵
1477 4365 1629 4416 Gerb.
1661 4364 1817 4415 omits
1914 4366 2102 4417 stanti:
2138 4366 2277 4415 there
2310 4366 2355 4415 is
2386 4380 2451 4414 an
2482 4380 2679 4415 erasure

480 4429 532 4479 in
572 4428 624 4479 S.
851 4428 890 4459 ¹⁸
919 4428 971 4479 S.
1009 4430 1159 4481 Gerb.
1195 4430 1321 4481 omit
1358 4436 1418 4480 et.
1640 4428 1679 4459 ¹*
1710 4430 1761 4479 S.
1864 4432 1923 4480 ds
1958 4446 2111 4494 usque
2139 4437 2237 4494 per
2272 4430 2445 4480 omnia
2480 4431 2678 4479 saecula

481 4496 805 4557 saeculorum,
827 4495 927 4544 and
958 4496 1194 4560 proceeds
1211 4500 1226 4526 ‘
1239 4498 1416 4546 Postea
1435 4495 1590 4546 oblato
1614 4511 1649 4544 a
1667 4495 1872 4546 diacm
1892 4495 1995 4545 alio
2013 4496 2110 4545 oleo
2132 4496 2202 4545 ad
2217 4496 2606 4556 beneda-endum,
2631 4500 2681 4545 et

482 4560 552 4609 sic
573 4560 698 4609 dices
721 4560 968 4611 Dominus
989 4562 1244 4611 vobiscum
1261 4560 1303 4621 '3
1337 4562 1488 4612 Gerb.
1502 4561 1677 4611 inserts
1697 4576 1761 4611 an
1783 4561 2026 4612 exorcism
2049 4561 2217 4612 before
2232 4560 2316 4611 the
2340 4561 2679 4611 Benediction.

484 4624 522 4655 ¹⁸
552 4625 680 4675 dicit
699 4626 766 4677 V.
997 4626 1034 4656 ¹⁹
1065 4634 1413 4677 remunerator
1430 4625 1480 4677 S.
1505 4626 1688 4687 Gerb.;
1720 4626 1785 4676 V.
1806 4642 1864 4676 aa
1884 4633 2001 4677 text.
2237 4625 2276 4655 ²⁹
2307 4626 2538 4677 inherere
2558 4627 2682 4676 reli-

485 4690 1856 4824 xtwmffwmm
1887 4691 2434 4809 w..
2456 4691 2685 4807 Μ.
2754 4766 2767 4773 -

836 4795 849 4810 fl
934 4792 950 4808 0
2381 4795 2396 4809 ο
2410 4792 2427 4820 ,
2508 4792 2523 4809 Ο
