3342 5392
715 384 802 465 48
1290 391 1546 450 LIBER
1586 393 1693 449 SA
1704 392 2119 449 CRAMENT
2118 394 2365 451 ORUM
2640 396 2707 462 [1.
2736 395 2917 445 xxxiii.

715 556 1066 642 expleatur
1117 556 1426 635 caelesti;
1492 566 1817 642 quatenus
1868 558 1953 623 sit
1996 578 2275 644 semper,
2323 555 2632 631 Domine,
2679 557 2916 640 spiritu

715 660 990 737 fervens,
1023 682 1142 746 spe
1171 662 1490 746 gaudens,
1523 672 1643 726 tuo
1673 682 1938 746 semper
1977 662 2228 726 nomini
2268 662 2574 727 serviens.
2663 660 2917 725 Perduc

719 784 874 828 eum
919 766 1006 830 ad
1058 785 1272 831 novae
1319 767 1831 851 regenerationis
1882 766 2235 846 lavacrum,
2282 774 2357 831 ut
2407 785 2558 829 cum
2612 763 2918 830 fidelibus

719 868 852 932 tuis
939 870 1454 951 promissionum
1529 879 1793 935 tuarum
1884 880 2155 935 aeterna
2237 869 2533 953 praemia
2603 866 2921 951 consequi

719 983 1048 1037 mereatur
1064 970 1109 1035 ².
1199 973 1326 1037 Per
1356 974 1727 1039 Dominum
1758 998 1816 1054 γ.

805 1114 822 1144 ¹
854 1114 1026 1166 datam
1046 1117 1150 1167 sale
1170 1116 1233 1167 V.
1253 1132 1269 1178 ς
1297 1117 1476 1167 datum
1495 1116 1620 1167 salis·
1641 1130 1729 1179 A.;
1760 1117 1825 1168 R.
1845 1116 1985 1182 givet
2006 1131 2073 1167 no
2094 1116 2221 1168 title.
2418 1115 2441 1147 ²
2472 1130 2757 1166 mer-camur
2777 1127 2833 1167 Α.

1643 1378 1980 1435 XXXIII.

1144 1508 1338 1573 ITEM
1385 1508 1813 1573 ExoRCISm
1859 1522 2095 1574 SUPER
2141 1509 2503 1573 ELEcTos.

853 1642 1029 1724 Quos
1055 1644 1290 1728 acolyti
1302 1643 1328 1684 ¹
1359 1648 1660 1729 imposita
1690 1668 1891 1711 manu
1917 1657 2108 1730 super
2139 1667 2241 1712 eos
2265 1646 2476 1712 dicere
2494 1642 2521 1681 ²
2548 1644 2790 1711 debent.

357 1807 420 1855 R.
809 1784 998 1849 Deus
1055 1782 1428 1859 Abraham,
1489 1784 1677 1848 Deus
1742 1784 1947 1861 IsaaC,
2008 1784 2195 1849 Deus
2255 1784 2479 1863 Iacob,
2554 1783 2739 1847 Deus
2808 1782 2925 1865 qui

359 1870 510 1988 ἓξὲξ·
529 1883 564 1985 ξ
600 1883 650 1985 0:
723 1886 950 1970 Moysi
981 1886 1231 1952 famulo
1261 1896 1380 1952 tuo
1411 1886 1480 1953 in
1511 1898 1742 1953 monte
1784 1887 1968 1953 Sinai
1999 1888 2379 1973 apparuisti,
2404 1898 2477 1953 et
2516 1886 2686 1951 filios
2717 1886 2922 1950 Israel

358 2015 412 2054 A.
721 1991 808 2056 de
855 2000 1031 2056 terra
1073 1991 1379 2075 Aegypti
1432 1992 1747 2071 eduxisti,
1786 1992 2119 2074 deputans
2157 1994 2255 2056 eis
2304 1992 2617 2073 angelum
2657 1989 2923 2075 pietatis

719 2105 896 2171 tuae,
920 2096 1032 2178 qui
1062 2095 1426 2160 custodiret
1454 2114 1570 2160 eos
1600 2095 1712 2159 die
1734 2115 1812 2160 ac
1842 2104 2055 2171 nocte,
2080 2104 2151 2160 te
2172 2115 2587 2177 quaesumus,
2614 2094 2925 2173 Domine,

721 2210 797 2265 ut
841 2200 1108 2265 mittere
1153 2199 1444 2282 digneris
1489 2208 1795 2264 sanctum
1842 2198 2153 2281 angelum
2196 2208 2411 2276 tuum,
2459 2196 2581 2263 ut⁸
2622 2196 2927 2263 similiter

719 2304 1050 2369 custodiat
1083 2312 1152 2367 et
1193 2302 1318 2367 hos
1351 2303 1634 2368 famulos
1668 2314 1843 2382 tu08‚
1873 2312 1941 2368 et
1987 2304 2307 2387 perducat
2350 2322 2465 2367 eos
2509 2303 2596 2367 ad
2640 2302 2925 2387 gratiam

720 2407 1039 2492 baptismi
1070 2407 1189 2471 tui.
1237 2434 1278 2490 γ

811 2512 1017 2595 Erg0,
1049 2510 1400 2576 maledicte
1438 2510 1724 2586 diabole,
1754 2529 2149 2593 recognosce
2184 2509 2581 2575 sententiam
2622 2516 2828 2584 tuam,
2858 2516 2927 2573 et

721 2616 812 2681 da
839 2615 1156 2680 honorem
1189 2614 1340 2680 Deo
1368 2614 1522 2677 vivo
1554 2625 1623 2678 et
1651 2634 1830 2689 vero,
1855 2623 1923 2679 et
1944 2612 1972 2651 ⁴
2002 2614 2093 2678 da
2122 2613 2444 2678 honorem
2477 2613 2629 2677 Iesu
2655 2610 2928 2678 Christo

725 2718 901 2783 Filio
940 2719 1096 2793 eius,
1127 2726 1194 2781 et
1238 2716 1512 2802 Spiritui
1551 2725 1803 2792 sancto,
1834 2726 1905 2783 et
1942 2717 2175 2783 recede
2210 2717 2298 2781 ab
2333 2717 2437 2780 his
2476 2714 2739 2780 famulis
2778 2716 2923 2780 Dei.

725 2820 905 2905 Quia
933 2822 1094 2886 istos
1128 2820 1252 2887 sibi
1289 2821 1476 2885 Deus
1515 2829 1584 2887 et
1628 2820 1957 2887 Dominus
2002 2830 2225 2885 noster
2267 2821 2457 2885 Iesus
2496 2818 2795 2884 Christus
2839 2819 2926 2883 ad

724 2947 912 2992 suam
941 2933 1240 2991 sanctam
1273 2926 1555 3008 gratiam
1589 2934 1657 2990 et
1700 2924 2233 2990 benedictionem
2261 2923 2644 3007 fontemque
2672 2923 2925 3008 baptis-

726 3030 928 3095 matis
989 3028 1238 3093 donum
1257 3028 1282 3065 ⁵
1340 3049 1578 3095 vocare
1649 3029 1965 3113 dignatus
2023 3037 2141 3093 est.
2255 3027 2381 3091 Per
2435 3026 2565 3092 hoc
2622 3027 2881 3111 signum
2902 3027 2928 3065 ⁸

725 3140 995 3198 sanctae
1023 3133 1250 3212 cruciS,
1279 3131 1602 3197 frontibus
1631 3152 1861 3196 eorum
1897 3132 2081 3215 quod
2100 3132 2126 3171 ⁷
2167 3153 2289 3197 nos
2330 3132 2586 3209 damuS,
2615 3139 2693 3195 tu
2724 3130 2927 3195 male-

727 3238 906 3303 dicte
935 3235 1203 3302 diabole
1233 3256 1576 3320 nunquam
1605 3235 1851 3300 audeas
1880 3236 2151 3301 violare.
2195 3261 2236 3317 γ

1451 3390 1621 3455 Item
1665 3400 1859 3473 super
1884 3390 2207 3474 feminas.

365 3546 428 3595 R
817 3512 1006 3577 Deus
1036 3512 1220 3590 caeli,
1238 3513 1426 3576 Deus
1455 3521 1687 3590 terrae,
1718 3510 1906 3576 Deus
1936 3511 2342 3595 angelorum,
2365 3510 2549 3574 Deus
2574 3512 2929 3593 archange-

368 3611 520 3726 ἓξὲξ·
536 3621 572 3723 2²
605 3620 657 3722 1¹·
730 3616 1007 3693 lorum⁸,
1033 3616 1219 3679 Deus
1241 3614 1736 3699 prophetarum,
1762 3616 1945 3679 Deus
1970 3614 2399 3697 martyrum⁹,
2426 3615 2612 3679 Deus
2634 3616 2931 3678 omnium

364 3756 420 3793 A,
729 3720 900 3785 bene
929 3720 1314 3798 viventium,
1350 3719 1534 3784 Deus
1574 3720 1681 3784 cui
1722 3720 1939 3784 omnis
1968 3719 2193 3802 lingua
2222 3718 2575 3783 confitetur
2594 3716 2650 3757 ¹⁰
2690 3718 2931 3783 caeles·

730 3826 900 3890 tium
921 3822 994 3901 ¹¹,
1018 3824 1428 3888 terrestrium
1461 3832 1529 3887 et
1561 3822 1979 3899 infernorum,
2012 3834 2080 3889 te
2108 3824 2346 3888 invoco
2370 3822 2677 3898 Domine,
2706 3831 2780 3885 ut
2810 3820 2932 3885 has

730 3926 1012 3993 famulas
1051 3936 1200 3991 tuas
1247 3927 1606 4010 perducere
1646 3936 1715 3991 et
1758 3928 2089 3992 custodire
2120 3927 2409 4009 digneris
2427 3923 2480 3963 ¹²
2521 3927 2607 3992 ad
2648 3926 2933 4009 gratiam

729 4030 1045 4116 baptismi
1088 4030 1210 4096 tui.
1272 4056 1313 4112 γ

819 4135 1004 4219 Ergo
1032 4132 1382 4199 maledicte
1410 4143 1489 4197 ut
1510 4144 1730 4217 supra.

1439 4288 1611 4351 Item
1651 4299 1843 4371 super
1888 4286 2221 4353 masculos.
2964 4304 3085 4357 536

367 4434 434 4485 R.
820 4408 1009 4474 Audi
1058 4407 1410 4473 maledicte
1456 4407 1741 4473 Satanas
1780 4409 2121 4474 adiuratus
2140 4408 2197 4446 ¹³
2238 4429 2357 4492 per
2396 4428 2637 4473 nomen
2683 4408 2933 4473 aeterni

369 4495 575 4613 ἓξὲξ-ξ
606 4506 660 4612 1¹:
737 4514 866 4577 Dei
906 4522 976 4577 et
1021 4512 1388 4577 Salvatoris
1425 4513 1632 4577 nostri
1676 4511 1829 4575 Filii
1875 4512 2045 4591 Dei;
2090 4534 2241 4575 cum
2290 4523 2407 4577 tua
2450 4513 2661 4576 victus
2692 4512 2937 4575 invidia

729 4626 1020 4682 tremens
1059 4636 1465 4700 gemensque
1502 4615 1789 4680 discede.
1878 4616 2067 4679 Nihil
2107 4618 2197 4681 sit
2236 4616 2362 4680 tibi
2396 4636 2745 4680 commune
2782 4636 2933 4679 cum

730 4721 935 4784 servis
973 4720 1124 4793 Dei,
1157 4720 1287 4783 iam
1331 4718 1642 4784 caelestia
1681 4719 2149 4803 cogitantibus
2181 4719 2649 4784 renuntiaturis
2688 4720 2808 4784 tibi
2856 4739 2932 4783 ac
