3342 5392
352 2241 415 2291 R.
441 2240 491 2290 S.

353 2307 509 2357 Gerb.
537 2307 645 2369 148.

353 2373 494 2424 Pam.
517 2387 633 2435 405.

353 2438 490 2488 Men.
519 2449 626 2502 172.

353 2781 476 2830 RS

353 2847 505 2898 Gerb.
534 2847 642 2910 148.

352 3351 475 3403 RS

353 3419 504 3467 Gerb.
534 3417 643 3479 148.

354 3483 495 3532 Pam.
517 3481 631 3545 406.

355 3549 493 3600 Men.
522 3559 632 3612 172.

353 3927 476 3978 RS

353 3994 506 4044 Gerb.
534 3995 642 4055 148.

351 4059 492 4108 Pam.
517 4059 633 4121 406.

353 4123 489 4174 Men.
521 4137 538 4172 1
551 4135 628 4188 72.

723 389 848 452 224
1285 381 1539 439 LIBER
1581 383 1687 438 SA
1696 383 1849 440 CRA
1858 383 2351 442 MENTORUM
2732 385 2861 452 [111.
2888 367 2923 438 ε’.

1483 1049 1895 1132 LIBER
1968 1050 2151 1136 III.

1651 1427 1990 1512 A÷ss

1321 1599 1624 1651 INCIPIT
1669 1603 1906 1654 LIBER
1968 1601 2115 1652 TER
2124 1601 2208 1652 TI
2210 1600 2301 1652 US
2299 1637 2311 1650 .

793 1712 938 1762 ORA
949 1713 1000 1764 T
991 1713 1222 1764 IONES
1251 1713 1366 1764 ET
1387 1716 1685 1768 PRECES
1717 1719 1889 1770 CUM
1916 1716 2226 1768 CANONE
2258 1715 2409 1766 PER
2444 1715 2855 1766 DOMINICIS

1633 1799 1827 1852 DIEB
1838 1801 1928 1852 US
1940 1799 1987 1850 *.

1760 2100 1868 2164 1¹.

808 2233 1012 2312 Deus,
1064 2236 1178 2320 qui
1238 2237 1667 2320 diligentibus
1726 2245 1795 2304 te
1853 2240 2030 2304 bona
2082 2237 2431 2304 invisibilia
2479 2237 2914 2322 praeparasti,

721 2338 990 2404 infunde
1045 2340 1355 2406 cordibus
1415 2342 1659 2407 nostris
1718 2343 1815 2408 tui
1876 2343 2121 2408 amoris
2178 2340 2512 2420 affectum,
2578 2349 2653 2406 ut
2712 2351 2785 2407 te
2846 2342 2917 2404 in

717 2444 1026 2508 omnibus
1059 2453 1129 2508 et
1158 2465 1359 2528 super
1391 2446 1618 2510 omnia
1646 2444 2014 2528 diligenteS,
2048 2447 2515 2528 promissiones
2546 2454 2711 2520 tuae,
2742 2465 2918 2528 quae

716 2566 916 2610 omne
949 2546 1349 2612 desiderium
1368 2545 1396 2584 ²
1435 2557 1770 2633 superant,
1800 2569 2298 2633 consequamur.
2389 2549 2512 2614 Per
2542 2547 2915 2613 Dominum

715 2657 1035 2714 nostrum.
1067 2677 1108 2732 y

803 2769 1007 2848 Deus,
1052 2771 1167 2853 qui
1213 2771 1279 2835 in
1323 2774 1567 2839 sanctis
1615 2773 1897 2849 habitaS,
1944 2781 2011 2838 et
2061 2773 2173 2858 pia
2216 2774 2417 2838 corda
2462 2795 2595 2838 non
2645 2773 2916 2850 deseris,

712 2874 922 2938 libera
969 2895 1090 2940 nos
1133 2896 1174 2939 a
1223 2878 1499 2942 terrenis
1550 2878 1893 2942 desideriis
1940 2887 2009 2941 et
2059 2877 2424 2962 cupiditate
2475 2875 2756 2954 carnali3
2819 2884 2917 2954 ut,

715 2976 897 3041 nullo
945 2977 1011 3040 in
1062 2977 1254 3042 nobis
1305 2992 1627 3063 regnante
1673 2990 1968 3065 peccate,
2010 2981 2132 3046 tibi
2174 2979 2299 3045 soli
2348 2981 2641 3045 Domino
2688 2979 2915 3044 liberis

715 3081 1044 3146 mentibus
1073 3083 1452 3150 serviamus,
1545 3085 1690 3149 Per.

1667 3231 1959 3287 sacrem.

807 3339 1191 3423 Propitiare,
1224 3341 1531 3420 Domine,
1559 3341 2152 3427 supplicationibus
2182 3341 2441 3416 nostris,
2471 3340 2693 3418 ethas
2722 3340 2915 3405 obla-

714 3444 930 3508 tiones
971 3443 1370 3509 famulorum
1402 3445 1926 3529 famularumque
1954 3455 2215 3510 tuarum
2246 3444 2573 3528 benignus
2607 3463 2871 3508 assume
2896 3463 2915 3521 ;

715 3556 790 3610 ut
819 3548 998 3630 quod
1029 3547 1267 3632 singuli
1298 3546 1679 3614 obtulerunt
1710 3549 1797 3613 ad
1838 3548 2156 3612 honorem
2196 3548 2478 3612 nominis
2508 3547 2627 3626 tui,
2658 3547 2913 3612 cunctis

714 3649 1016 3733 proficiat
1045 3654 1133 3717 ad
1165 3651 1467 3717 salutem.
1558 3653 1699 3717 Per.
1732 3679 1770 3734 γ

1555 3797 2058 3854 Posteommun.

749 3903 754 3911 ’
805 3907 992 3992 Quos
1050 3909 1336 3988 caelesti,
1397 3910 1702 3988 Domine,
1759 3909 1940 3974 dono
1963 3907 1991 3948 ³
2047 3907 2319 3986 satiasti,
2370 3916 2650 3990 praesta,
2702 3926 2911 3989 quae-

717 4032 962 4088 sumus,
1023 4022 1099 4076 ut
1157 4033 1198 4076 a
1257 4013 1500 4078 nostris
1555 4014 1951 4078 mundemur
1999 4011 2294 4086 occultiS,
2345 4019 2413 4076 et
2468 4010 2555 4076 ab
2614 4010 2911 4076 hostium

713 4115 1069 4180 liberemur
1098 4116 1370 4180 insidiis,
1463 4117 1590 4180 Per
1620 4117 2005 4180 Dominum.
2043 4142 2083 4198 y

778 4251 796 4280 ¹
827 4251 953 4300 This
969 4251 1132 4300 Missa
1153 4251 1198 4301 is
1217 4250 1446 4316 assigned
1470 4252 1539 4316 by
1553 4251 1614 4300 R.
1633 4249 1685 4302 S.
1704 4251 1853 4301 Gerb.
1871 4259 1927 4300 to
1946 4249 2031 4300 the
2050 4249 2253 4300 seventh
2269 4247 2469 4312 Sunday
2483 4247 2609 4298 aster
2628 4247 2912 4308 Pentecost,

713 4317 789 4366 sor
808 4315 974 4367 which
1006 4317 1210 4382 Sunday
1229 4317 1340 4366 also
1360 4317 1446 4367 the
1477 4317 1581 4367 first
1601 4316 1821 4375 Collect,
1843 4315 2025 4376 Secret,
2046 4313 2147 4364 and
2175 4313 2613 4364 Postcommunion
2646 4329 2728 4363 are
2760 4314 2915 4377 given

712 4382 764 4430 in
799 4381 934 4432 Men.
999 4383 1110 4432 The
1131 4381 1344 4459 parallel
1365 4383 1529 4432 Missa
1556 4381 1606 4432 in
1633 4383 1773 4432 Pam.
1795 4381 1839 4430 is
1873 4373 1949 4430 for
1979 4379 2065 4432 the
2096 4379 2229 4430 sixth
2254 4378 2453 4442 Sunday
2474 4377 2600 4428 after
2628 4377 2912 4430 Pentecost.

712 4447 732 4475 ²
763 4448 908 4496 omm‘
935 4447 1173 4498 desidem
1205 4449 1268 4498 V.
1303 4465 1366 4498 un
1511 4445 1781 4510 matieally.
1846 4445 1901 4496 8ι
1934 4446 2087 4496 Gerb.
2119 4446 2260 4495 Pam.
2294 4445 2429 4493 Men.
2464 4458 2521 4492 as
2552 4449 2685 4506 text,
2720 4444 2783 4492 R.
2816 4443 2913 4496 has

711 4527 853 4562 omne
873 4513 1128 4564 desiderio.
1325 4513 1345 4542 ⁸
1375 4515 1506 4563 dona
1527 4513 1622 4574 V.;
1655 4513 1717 4562 R.
1741 4511 1793 4562 S.
1819 4510 1969 4562 Gerb.
1994 4511 2131 4562 Pam.
2156 4511 2288 4561 Men.
2312 4525 2368 4558 as
2388 4517 2507 4562 text.

779 4644 808 4674 ‘¹
840 4645 909 4695 So
945 4645 1043 4706 V.;
1081 4645 1340 4695 Tommasi
1379 4645 1521 4696 reads
1545 4653 1668 4710 pro3
1710 4646 1797 4694 but
1838 4645 1878 4694 it
1918 4661 2077 4696 seems
2112 4649 2243 4694 most
2283 4642 2437 4707 likely
2474 4642 2586 4692 that
2618 4642 2913 4694 Dominicis

711 4709 880 4758 diebus
901 4711 945 4759 is
967 4727 1028 4760 an
1053 4712 1467 4776 ungrammatical
1488 4711 1719 4761 ablative.

2951 1446 3077 1502 687
