3342 5392
482 445 520 495 1.
543 444 692 509 xliv]
1103 443 1534 499 ROMANAE
1573 444 2063 499 ECCLESIAE.
2597 440 2679 520 85

1005 661 1198 724 ITEM
1246 659 1784 726 CONSECRAno
1830 661 2129 726 Fon‘ns.

570 796 755 861 Deus
777 794 825 878 ⁴,
855 798 969 881 qui
1001 797 1310 864 invisibili
1340 798 1643 882 potentia
1671 806 1789 864 tua
1817 809 2381 865 sacramentorum
2407 809 2672 866 tuorum

481 899 872 967 mirabiliter
899 903 1191 986 operaris
1226 900 1539 968 effectum
1561 900 1609 981 ⁶,
1640 913 1710 967 et
1743 901 1896 967 licet
1938 923 2059 967 nos
2103 904 2306 968 tantis
2341 904 2675 987 mysteriis

478 1006 890 1088 exequendis
920 1006 1127 1071 simus
1157 1005 1432 1089 indigni,
1466 1014 1538 1069 tu
1578 1015 1804 1071 tamen
1852 1006 2109 1088 gratiae
2138 1017 2295 1071 tuae
2323 1008 2501 1072 dona
2536 1027 2671 1072 non

333 1118 452 1176 569
478 1108 788 1173 deserens
811 1110 837 1148 ⁶
868 1109 1066 1174 etiam
1098 1110 1184 1173 ad
1229 1116 1518 1173 no·stras
1549 1129 1775 1192 preces
1820 1130 2013 1175 aures
2058 1118 2214 1176 tuae
2259 1112 2529 1195 pietatis
2578 1112 2674 1175 in-

479 1212 668 1277 clina.
758 1211 944 1276 Deus
990 1214 1176 1278 cuius
1222 1211 1512 1297 Spiritus
1555 1232 1755 1295 super
1790 1234 1996 1296 aquas
2042 1214 2214 1278 inter
2258 1216 2401 1300 ipsa
2448 1216 2676 1279 mundi

479 1316 844 1399 primordia
888 1316 1239 1392 ferebatur,
1271 1324 1345 1381 ut
1392 1317 1525 1382 iam
1572 1324 1732 1381 tunc
1776 1318 2089 1383 virtutem
2136 1318 2674 1384 sanctificationis

479 1440 800 1502 aquarum
861 1431 1096 1485 natura
1156 1420 1532 1505 conciperet
1568 1442 1585 1500 ;
1664 1419 1852 1486 Deus
1910 1422 2022 1503 qui
2085 1423 2384 1488 nocentis
2446 1423 2673 1487 mundi

479 1523 754 1588 crimina
787 1544 906 1608 per
935 1544 1141 1606 aquas
1187 1524 1484 1601 abluenS,
1525 1524 2039 1608 regenerationis
2081 1526 2374 1607 speciem
2421 1526 2487 1590 in
2532 1528 2677 1609 ipsa

479 1626 710 1692 diluvii
755 1628 1072 1693 effusione
1115 1629 1415 1711 signasti,
1444 1625 1607 1712 [ut]⁷
1653 1628 1849 1692 unius
1894 1629 2322 1712 eiusdemque
2367 1628 2675 1695 elementi

481 1732 799 1814 mysterio
843 1741 913 1796 et
956 1731 1106 1797 finis
1151 1742 1325 1796 esset
1368 1732 1547 1798 vitiis
1593 1742 1660 1796 et
1706 1732 1896 1814 origo
1940 1733 2259 1797 virtutum
2279 1731 2349 1812 ⁸;
2404 1734 2674 1817 respice,

481 1835 791 1914 Domine,
810 1836 877 1899 in
911 1836 1146 1902 faciem
1181 1834 1494 1901 ecclesiae
1525 1844 1679 1899 tuae
1703 1845 1772 1899 et
1796 1834 2164 1919 multiplica
2194 1837 2261 1900 in
2294 1856 2375 1901 ea
2404 1857 2675 1920 genera·-

480 1940 694 2004 tiones
726 1949 894 2017 tuas,
911 1940 1026 2023 qui
1059 1939 1313 2023 gratiae
1345 1948 1502 2003 tuae
1525 1938 1550 1977 ⁹
1583 1938 1906 2005 effluentis
1920 1938 1974 1977 ¹⁰
2004 1941 2258 2023 impetu
2276 1937 2330 1977 ¹¹
2359 1940 2677 2007 laetificas

478 2042 815 2107 civitatem
869 2052 1072 2117 tuam,
1126 2041 1508 2126 fontemque
1561 2041 1984 2126 baptismatis
2040 2045 2257 2127 aperis
2315 2055 2461 2109 toto
2514 2044 2675 2109 orbe

483 2156 803 2211 terrarum
850 2147 1162 2230 gentibus
1207 2147 1618 2222 innovandiS‚
1667 2156 1740 2211 ut
1787 2156 1943 2212 tuae
1988 2148 2353 2213 maiestatis
2398 2150 2677 2231 imperio

479 2260 702 2315 sumat
751 2250 1094 2335 Unigeniti
1141 2252 1237 2316 tui
1283 2251 1570 2334 gratiam
1615 2250 1701 2315 de
1748 2248 2003 2333 Spiritu
2050 2262 2306 2330 sanct0,
2351 2252 2464 2336 qui
2506 2253 2676 2317 hanc

479 2375 724 2437 aquam
790 2355 1254 2438 regenerandis
1312 2354 1692 2419 hominibus
1757 2366 2217 2440 praeparatam
2278 2376 2516 2422 arcana
2575 2358 2675 2421 sui

477 2458 748 2523 luminis
791 2459 1208 2524 admixtione
1252 2457 1579 2536 fecundet,
1625 2468 1717 2537 ut,
1760 2458 2284 2525 sanctificatione
2333 2470 2674 2546 concepta,

477 2565 566 2628 ab
627 2563 1054 2628 immaculato
1113 2563 1320 2627 divini
1378 2562 1582 2627 sontis
1656 2572 1845 2627 utero
1924 2564 1991 2627 in
2066 2583 2309 2628 novam
2371 2575 2601 2630 renata
2621 2563 2675 2603 ¹²

479 2677 848 2732 creaturam
878 2667 1227 2751 progenies
1257 2666 1559 2731 caelestis
1587 2677 1903 2751 emergat,
1928 2676 1997 2732 et
2026 2688 2196 2750 quos
2224 2679 2342 2733 aut
2372 2690 2573 2734 sexus
2604 2670 2675 2733 in

479 2790 754 2854 corpore
775 2779 890 2837 aut
913 2779 1098 2835 aetas
1121 2770 1433 2835 discernit
1458 2770 1524 2833 in
1546 2779 1849 2853 tempore
1871 2791 2103 2836 omnes
2133 2772 2201 2836 in
2239 2772 2435 2837 una¹³
2459 2773 2675 2857 pariat

475 2875 690 2958 gratia
711 2885 921 2939 mater
939 2873 1216 2938 infantia
1230 2872 1303 2938 ¹³.
1351 2872 1581 2938 Procul
1603 2895 1763 2957 ergo
1785 2874 1937 2939 hinc
1962 2877 2232 2941 iubente
2254 2886 2340 2955 te,
2364 2877 2674 2955 Domine,

476 2980 694 3042 omnis
755 2978 1026 3063 spiritus
1085 2978 1470 3043 immundus
1518 2978 1854 3055 abscedat,
1902 2979 2129 3063 procul
2179 2989 2323 3046 tota
2377 2981 2674 3063 nequitia

478 3082 846 3147 diabolicae
875 3082 1120 3147 fraudis
1150 3082 1447 3160 absistat,
1479 3102 1610 3145 non
1643 3082 2020 3147 insidiando
2059 3084 2507 3162 circumvolet,
2537 3104 2673 3150 non

474 3185 748 3251 latendo
775 3185 1115 3270 subripiat,
1140 3205 1274 3250 non
1298 3183 1648 3249 inficiendo
1672 3196 2066 3269 corrumpat.
2118 3185 2219 3251 Sit
2250 3187 2413 3253 haec
2442 3198 2675 3254 sancta

477 3299 547 3353 et
577 3290 892 3354 innocens
922 3299 1224 3354 creatura
1254 3288 1460 3353 libera
1503 3289 1592 3353 ab
1638 3288 1821 3353 omni
1870 3290 2349 3373 impugnatoris
2389 3292 2671 3369 incursu,

476 3404 546 3457 et
576 3393 780 3457 totius
810 3394 1142 3477 nequitiae
1173 3402 1455 3477 purgata
1483 3394 1797 3458 discessu.
1887 3391 1991 3458 Sit
2021 3393 2165 3457 fons
2195 3395 2396 3473 vivuS,
2423 3415 2597 3476 aqua
2616 3393 2673 3434 ¹⁴

478 3518 890 3580 regenerans,
921 3499 1101 3561 unda
1130 3496 1506 3581 purificanS,
1529 3506 1604 3561 ut
1625 3516 1858 3561 omnes
1888 3496 2015 3561 hoc
2046 3497 2309 3563 lavacro
2338 3497 2672 3563 salutifero

476 3601 787 3679 diluendi,
819 3611 1136 3683 operante
1179 3600 1246 3664 in
1292 3601 1390 3665 eis
1435 3599 1691 3683 Spiritu
1722 3610 1971 3678 sanct0,
2002 3602 2328 3685 perfectae
2348 3601 2400 3640 ¹⁶
2430 3622 2671 3686 purga·

475 3705 672 3770 tionis
705 3704 1184 3789 indulgentiam
1222 3713 1711 3787 consequantur
1736 3704 1809 3763 ¹⁰.

559 3808 695 3873 Hic
721 3810 965 3892 signas.

562 3930 761 3996 Unde
813 3928 1136 3994 benedico
1188 3941 1276 4009 te,
1326 3938 1627 3993 creatura
1688 3948 1921 4010 aquae,
1966 3948 2085 4011 per
2140 3928 2363 3993 Deum
2422 3929 2670 4007 vivum,

474 4052 593 4115 per
625 4034 846 4097 Deum
893 4043 1217 4111 sanctum,
1254 4053 1372 4117 per
1403 4033 1625 4097 Deum
1646 4031 1699 4072 ¹⁷
1732 4032 1846 4113 qui
1885 4041 1951 4095 te
1998 4032 2067 4096 in
2112 4032 2437 4116 principio
2466 4034 2671 4098 verbo

475 4138 806 4221 separavit
835 4139 922 4202 ab
962 4138 1148 4202 arida
1165 4136 1217 4177 ¹⁸
1247 4146 1316 4201 et
1347 4137 1415 4199 in
1447 4146 1731 4218 quatuor
1760 4135 2144 4201 fluminibus
2173 4146 2389 4202 totam
2426 4148 2670 4202 terram

474 4243 686 4324 rigare
756 4242 1114 4326 praecepit,
1188 4241 1303 4325 qui
1370 4250 1438 4304 te
1505 4241 1572 4303 in
1642 4241 1908 4306 deserto
1973 4261 2272 4305 amaram
2344 4242 2673 4307 suavitate

478 4346 688 4409 indita
713 4344 764 4383 ¹⁹
811 4346 970 4410 fecit
1024 4365 1168 4409 esse
1215 4343 1580 4428 potabilem
1631 4352 1701 4409 et
1752 4344 2003 4409 sitienti
2051 4344 2298 4428 populo
2350 4346 2437 4410 de
2484 4355 2672 4428 petra

476 4450 819 4531 produxit.
909 4448 1245 4514 Benedico
1276 4457 1344 4512 te
1374 4454 1442 4512 et
1471 4468 1590 4533 per
1623 4448 1846 4512 Iesum
1881 4445 2221 4513 Christum
2254 4448 2493 4512 Filium
2530 4449 2673 4512 eius

480 4554 767 4631 unicum,
801 4554 1165 4618 Dominum
1199 4562 1515 4630 nostrum,
1551 4552 1666 4635 qui
1697 4562 1766 4616 te
1806 4552 1872 4616 in
1915 4551 2098 4618 Cana
2145 4552 2441 4617 Galileae
2482 4553 2675 4635 signo

477 4656 849 4721 admirabili
901 4677 1022 4721 sua
1077 4655 1380 4739 potentia
1424 4656 1754 4721 convertit
1798 4657 1865 4719 in
1910 4656 2179 4735 vinum3
2232 4656 2347 4739 qui
2393 4656 2677 4741 pedibus

327 4776 453 4831 570
479 4781 678 4843 super
695 4768 765 4825 te
787 4759 1172 4840 ambulavit,
1199 4791 1223 4815 «ι
1257 4769 1324 4825 et
1352 4780 1396 4824 a
1423 4757 1674 4824 Ioanne
1704 4760 1772 4823 in
1807 4760 2089 4827 Iordane
2112 4759 2178 4822 in
2202 4767 2271 4825 te
2302 4761 2679 4844 baptizatus
