3342 5392
741 419 866 480 144
1303 410 1556 466 LIBER
1595 409 2367 468 SACRAMENTORUM
2726 411 2792 477 [1.
2818 429 2939 463 xcv.

803 571 822 600 ¹
854 570 968 622 The
987 577 1214 622 contente
1234 573 1296 622 of
1319 571 1420 622 this
1449 572 1655 632 action,
1678 580 1855 638 except
1888 573 1973 622 the
2004 572 2205 624 Prefnoe
2234 571 2335 622 and
2364 573 2517 622 Hanc
2546 573 2726 637 igitur,
2748 589 2939 640 appear

738 635 886 700 (with
907 637 1062 701 slight
1083 638 1370 700 variations)
1399 639 1450 686 in
1475 638 1560 687 the
1580 637 1845 688 Pontifical
1877 637 1936 687 os
1959 639 2160 703 Egbert.
2228 637 2382 688 Some
2416 639 2475 688 of
2502 637 2589 688 the
2618 655 2817 702 prayers
2850 655 2937 688 are

737 703 882 766 given
907 703 1014 752 also
1038 702 1105 766 by
1127 701 1336 754 Gerbert
1367 704 1490 752 from
1525 711 1628 752 two
1661 703 1855 752 Vienna
1878 702 2023 754 MSS.
2048 705 2099 754 in
2121 703 2285 754 which
2314 703 2435 769 they
2454 703 2585 753 form
2619 711 2733 769 past
2763 704 2825 753 of
2852 704 2939 754 the

741 768 874 817 Ordo
895 769 954 817 in
976 767 1299 818 Dedicatione
1321 769 1404 818 Ba
1436 769 1628 818 tisterii
1648 769 1823 831 (Gerb.
1844 769 1899 818 ii.
1918 771 2023 833 59).
2284 768 2305 798 ⁸
2336 769 2547 833 dignare
2568 769 2655 820 hoc
2667 768 2935 834 fasculum

739 832 857 896 (sie)
885 869 897 882 .
923 869 935 882 .
959 870 972 882 .
987 840 1353 899 praeparatum
1426 836 1556 892 erb.;
1587 835 1755 883 eadem
1778 835 1847 896 (v.
1862 833 1897 883 l.
1920 833 2153 894 eundem)
2181 870 2194 885 .
2220 871 2233 884 .
2258 870 2271 885 .
2290 841 2655 899 praeparatum
2680 835 2839 900 Egb.;
2871 835 2935 884 V.

736 914 795 948 as
817 906 936 948 text.
1166 899 1187 927 ⁸
1217 905 1290 948 est
1311 900 1372 950 V.
1393 915 1407 958 ς
1443 899 1569 964 Egb.
1593 899 1745 949 Gerb.
1768 915 1825 949 as
1844 907 1963 950 text.
2202 899 2223 929 ¹
2255 901 2406 950 Some
2426 899 2733 950 substantive
2753 899 2937 950 should

737 962 987 1040 probably
1009 964 1071 1013 be
1092 963 1320 1042 suppliefl
1343 964 1487 1014 here:
1521 972 1725 1042 exortus
1744 981 1861 1028 may
1882 964 1941 1014 of
1954 980 2128 1059 ⁸com-fle
2152 965 2213 1015 be
2238 965 2387 1014 taken
2410 980 2465 1014 as
2487 965 2571 1014 the
2592 965 2810 1042 subjeqt:
2845 966 2936 1015 but

737 1029 876 1144 2‘222
895 1043 1330 1145 :3⁸3st
1348 1029 1910 1160 fflffi..
1932 1032 2290 1160 ..sm-..⁸3
2313 1030 2375 1080 V·
2410 1031 2943 1162 <mmmm

739 1175 945 1210 munere
967 1159 1118 1210 Gerb.
1145 1160 1316 1216 Pam.;
1352 1161 1415 1210 V.
1442 1161 1568 1224 Egb.
1590 1175 1648 1210 as
1667 1169 1789 1212 text.
1985 1163 2006 1191 ⁸
2035 1161 2388 1211 descenderunt
2406 1160 2559 1211 Gerb.
2748 1161 2771 1190 ⁰
2801 1160 2930 1226 Egb.

737 1225 878 1274 Pam.
903 1225 1056 1275 Gerb.
1079 1224 1208 1274 have
1240 1227 1300 1276 in
1331 1226 1460 1277 libro
1489 1227 1626 1276 vitae
1649 1226 1837 1276 ascribi
1863 1233 2158 1277 mereantur
2192 1226 2453 1290 (omitting
2476 1228 2606 1286 eos];
2640 1225 2767 1290 Egb.
2792 1227 2933 1276 Pam.

733 1289 844 1406 ἓξ
867 1291 992 1342 omit
1014 1291 1075 1340 in
1097 1307 1249 1357 regno
1271 1327 1286 1342 .
1312 1329 1328 1344 .
1351 1329 1364 1342 .
1389 1292 1683 1352 tmdend053
1716 1291 1780 1343 V.
1804 1307 1860 1342 aa
1880 1299 2002 1342 text.
2264 1291 2303 1322 ¹⁰
2335 1299 2396 1342 ut
2416 1291 2513 1352 V.;
2548 1291 2675 1356 Egb.
2699 1292 2852 1344 Gerb.
2878 1308 2939 1342 as

1734 1519 1937 1577 XCV.

775 1640 1070 1705 INCIPIT
1114 1653 1318 1704 ORDO
1363 1653 1464 1704 DE
1509 1654 1761 1707 SACRIS
1808 1653 2222 1706 ORDINIBUS
2268 1639 2893 1708 BENEDICEND131.

379 1766 620 1848 Marthae.
824 1761 1012 1826 Haec
1063 1781 1150 1826 au
1158 1772 1286 1826 tem
1329 1761 1618 1844 singulis
1653 1760 1984 1844 gradibus
2023 1759 2386 1828 obseranda
2426 1771 2585 1826 sunt
2627 1772 2938 1846 tempora.

378 1835 534 1952 &iffi-1·
558 1850 668 1900 0⁸9·
741 1866 831 1930 Si
856 1866 939 1931 ab
970 1866 1272 1949 infantia
1309 1865 1755 1931 ecclesiasticis
1784 1865 2115 1930 ministris
2136 1863 2161 1900 ²
2190 1887 2418 1932 nomen
2460 1865 2734 1942 dederit,
2766 1869 2940 1932 inter

735 1971 997 2036 lectores
1066 1991 1262 2052 usque
1336 1971 1408 2036 in
1481 1971 1857 2036 vicesimum
1928 1971 2168 2035 aetatis
2236 1992 2489 2036 annum
2556 1974 2939 2036 continuata

737 2074 1177 2140 observatione
1204 2075 1521 2158 perduret
1535 2073 1584 2139 ³.
1677 2075 1767 2139 Si
1814 2075 2059 2139 maiori
2100 2076 2310 2140 aetati
2327 2072 2354 2111 ⁴
2400 2075 2540 2140 iam
2582 2076 2937 2151 accesserit,

739 2181 838 2243 ita
891 2189 1106 2272 tamen
1158 2189 1236 2244 ut
1275 2189 1430 2262 post
1474 2179 1874 2263 baptismum
1923 2179 2152 2243 statim
2210 2199 2278 2244 se
2333 2179 2601 2246 divinae
2660 2179 2941 2245 militiae

737 2283 1073 2348 desiderat
1107 2283 1480 2366 mancipari
1494 2282 1542 2359 ⁶,
1583 2284 1727 2349 sive
1785 2284 1960 2348 inter
2001 2281 2264 2347 lectores
2312 2283 2452 2348 sive
2496 2284 2669 2349 inter
2686 2283 2711 2321 ⁶
2756 2303 2939 2348 exor-

738 2388 938 2451 cistas
993 2388 1432 2470 quinquennio
1447 2386 1473 2425 ⁷
1520 2396 1833 2462 teneatur,
1877 2396 1943 2451 et
1981 2385 2213 2452 exinde
2266 2385 2551 2468 acolytus
2567 2385 2595 2424 Β
2640 2387 2751 2450 vel
2786 2387 2936 2451 sub-

739 2489 1048 2554 diaconus
1116 2501 1396 2572 quatuor
1467 2491 1668 2555 annis
1735 2501 1865 2556 stet
1878 2491 1925 2568 ⁹,
1984 2500 2052 2555 et
2119 2490 2217 2556 sic
2284 2491 2379 2556 ad
2444 2490 2938 2556 benedictionem

739 2593 1142 2673 diaconatus,
1192 2595 1260 2659 si
1313 2604 1616 2674 meretur,
1665 2595 1947 2660 accedat.
2061 2594 2149 2658 In
2199 2616 2323 2678 quo
2380 2594 2609 2660 ordine
2662 2596 2943 2678 quinque

745 2698 960 2776 annis,
1003 2700 1070 2762 si
1111 2698 1430 2781 inculpate
1476 2720 1546 2764 se
1583 2702 1887 2781 gesserit,
1942 2698 2213 2764 haerere
2259 2699 2446 2764 debet
2465 2698 2516 2737 ¹⁰
2542 2723 2571 2765 .·
2636 2698 2865 2764 exinde
2884 2697 2935 2736 ¹¹

743 2801 1268 2884 suffragantibus
1325 2804 1582 2868 meritis
1637 2803 1985 2886 stipendiis
2012 2803 2067 2842 ¹²
2111 2814 2236 2887 per
2290 2813 2385 2870 tot
2425 2803 2711 2886 gradus,
2760 2803 2941 2868 datis

728 2908 1039 2989 propriae
1079 2905 1257 2991 fidei
1309 2899 1729 2986 documentis,
1768 2907 2168 2991 presbyterii
2217 2907 2648 2973 sacerdotium
2694 2909 2945 2990 poterit

727 3012 1117 3092 promereri.
1206 3010 1312 3075 De
1340 3033 1464 3094 quo
1493 3011 1620 3076 loco
1641 3010 1697 3050 ¹³
1726 3013 1793 3076 si
1820 3010 2010 3076 illum
2052 3014 2337 3076 exactior
2364 3011 2460 3076 ad
2498 3012 2689 3078 bonos
2734 3032 2941 3076 mores

743 3112 888 3180 vita
929 3113 1322 3198 perduxerit
1337 3114 1410 3192 ¹⁴,
1464 3136 1795 3180 summum
1839 3115 2299 3200 pontificatum
2356 3125 2616 3198 sperare
2674 3114 2940 3180 debebit.

741 3218 900 3284 Hac
942 3229 1156 3284 tamen
1195 3219 1328 3302 lege
1365 3229 1651 3300 servata,
1694 3228 1774 3284 ut
1814 3239 2015 3302 neque
2064 3220 2364 3303 bigamus
2382 3219 2438 3259 ¹⁶
2482 3240 2681 3304 neque
2716 3218 2940 3302 poeni-

745 3332 886 3388 tens
907 3322 961 3364 ¹⁶
1009 3324 1107 3388 ad
1148 3324 1266 3390 hos
1295 3322 1560 3406 gradus
1592 3325 1811 3406 possit
1852 3323 2129 3390 admitti
2148 3347 2173 3390 .·
2236 3344 2395 3388 sane
2456 3332 2535 3388 ut
2586 3324 2788 3388 etiam
2830 3323 2941 3388 de-

725 3427 1031 3508 fensores
1047 3426 1100 3468 ¹⁷
1141 3428 1449 3505 ecclesiae,
1491 3429 1612 3510 qui
1647 3447 1731 3492 ex
1768 3425 1960 3492 laicis
1986 3427 2178 3512 fiunt
2196 3427 2264 3506 ¹⁸,
2308 3427 2687 3512 supradicta
2728 3427 2940 3492 obser-

743 3533 1004 3598 vatione
1035 3541 1394 3612 teneantur,
1423 3531 1492 3597 si
1515 3534 1883 3599 meruerint
1907 3550 2043 3597 esse
2068 3533 2143 3598 in
2172 3532 2401 3598 ordine
2431 3531 2777 3598 clericatus
2792 3529 2861 3594 ¹⁰.

385 3667 624 3730 Martisue,
828 3652 1185 3737 Episcopus
1250 3674 1452 3735 quum
1515 3653 1887 3732 ordinatur,
1945 3652 2073 3718 duo
2149 3653 2425 3738 episcopi
2477 3664 2737 3737 ponant
2752 3653 2808 3692 ²⁰
2879 3662 2947 3717 et

381 3735 540 3852 293¹·
563 3749 678 3800 ⁰⁸¹²·
747 3766 1006 3822 teneant
1025 3756 1078 3795 ²¹
1131 3755 1201 3822 E
1203 3758 1654 3841 omeliarum
1702 3756 1975 3822 codicem
1992 3753 2046 3794 ²²
2088 3767 2284 3840 super
2324 3767 2518 3840 caput
2537 3757 2593 3796 ²³
2634 3759 2775 3822 eius
2794 3779 2823 3823 .·
2880 3765 2953 3820 et

384 3864 559 3982 ἕξεί-ο.
579 3929 693 3981 661.
743 3883 872 3926 uno
939 3872 1131 3945 super
1193 3883 1340 3926 eum
1379 3861 1711 3944 fundente
1727 3860 1781 3900 ²⁴
1840 3859 2353 3940 benedictionem,
2421 3858 2659 3944 reliqui
2727 3880 2946 3925 omnes

741 3966 1016 4050 episcopi
1037 3967 1155 4049 qui
1179 3965 1428 4031 adsunt
1441 3963 1494 4005 ²⁶
1529 3965 1831 4030 manibus
1858 3965 2000 4030 suis
2025 3974 2222 4050 caput
2242 3967 2385 4031 eius
2420 3974 2701 4046 tangant
2718 3961 2791 4030 ²⁶.

829 4087 1179 4169 Presbyter
1227 4107 1428 4170 quum
1484 4087 1855 4162 ordinatur,
1907 4087 2181 4171 episcopo
2231 4107 2377 4151 eum
2428 4084 2852 4150 be2nedicente
2872 4081 2945 4165 ²⁷,
2972 4101 3109 4160 620

741 4193 941 4256 etiam
991 4213 1210 4258 omnes
1245 4191 1614 4274 presbyteri
1665 4191 1787 4274 qui
1819 4200 2186 4274 praesentes
2239 4199 2401 4255 sunt
2457 4184 2726 4279 [manus
2786 4209 2947 4256 suas

745 4298 934 4362 iuxta
967 4317 1238 4362 manum
1264 4297 1535 4380 episcopi
1558 4305 1750 4376 super
1776 4303 1969 4378 caput
1994 4294 2179 4361 illius
2210 4290 2496 4383 teneant]
2522 4293 2596 4358 ²⁸.

830 4418 1170 4483 Diaconus
1201 4439 1405 4501 quum
1447 4417 1815 4494 ordinatur,
1844 4416 2024 4482 solus
2059 4417 2379 4500 episcopus
2420 4417 2537 4498 qui
2576 4435 2723 4481 eum
2767 4414 2945 4479 bene-

739 4521 924 4601 dicit,
965 4543 1238 4588 manum
1279 4532 1470 4605 super
1511 4530 1709 4604 caput
1747 4522 1889 4586 eius
1917 4530 2135 4602 ponat
2155 4543 2184 4587 .·
2230 4517 2505 4608 [reliqui
2542 4541 2695 4584 vero
2736 4539 2949 4583 sacer-

739 4627 920 4692 dotes
968 4627 1160 4691 iuxta
1219 4647 1488 4690 manum
1539 4625 1811 4708 episcopi
1862 4634 2057 4707 caput
2104 4623 2289 4688 illius
2320 4632 2577 4707 ponant
2600 4619 2656 4709 :]
2678 4621 2727 4660 ²⁹
2786 4624 2949 4706 quia

741 4753 866 4796 non
911 4731 1006 4796 ad
1029 4731 1460 4796 sacerdotium
1488 4730 1606 4794 sed
1627 4729 1723 4794 ad
1746 4729 2187 4796 ministerium
2216 4737 2623 4794 consecratur
2641 4727 2715 4792 ³⁰.
