3342 5392
359 823 498 876 Geth
537 839 625 890 pp.

368 892 477 956 198,
496 861 608 956 i99.

366 2933 520 2984 Gerb.
545 2947 633 2998 pp.

371 3011 480 3060 που,
500 3011 610 3048 201.

367 3576 521 3628 Gerb.
544 3593 631 3642 pp.

371 3657 480 3704 τοι,
503 3656 614 3692 zoa.

375 4520 528 4569 Gerb.

374 4601 422 4648 p.
452 4597 558 4633 202.

724 403 852 488 362
1592 409 2052 467 APPENDJX.

859 569 1060 656 [stVD.
1103 572 1402 648 Quoniam
1443 591 1546 652 per
1585 573 1775 636 sancti
1816 573 2059 652 Spiritus
2098 573 2451 658 largitatem]

890 671 1090 734 *Beati
1131 673 1450 734 Clementis
1491 671 1644 734 Dne.
1688 673 1945 734 natalitio

1301 809 1540 895 [Eodem
1581 813 1671 872 dfe
1710 811 1855 874 Nat.
1896 811 1961 874 S.
2002 811 2333 875 remam.

928 927 1166 990 Praesta
1207 947 1264 1008 q.
1309 947 1364 989 o.
1405 926 1481 989 D.
1524 939 1588 988 ut
1627 929 1831 989 beatae
1872 927 2183 990 Felicitatis

927 1023 1180 1090 Munera
1219 1027 1328 1088 tibi
1367 1025 1520 1086 Dne.
1561 1044 1671 1104 pro
1714 1045 1759 1088 s.
1801 1025 2113 1088 Felicitatis

931 1123 1229 1204 Supplices
1269 1137 1328 1186 te
1367 1142 1644 1204 rogamus
1684 1143 1743 1185 o.
1785 1125 1860 1184 D.
1903 1137 1965 1184 ut
2010 1124 2544 1208 intervenientibus]

1239 1263 1378 1349 [viii
1409 1265 1553 1327 Kal.
1591 1265 1729 1327 Dec.
1774 1265 1917 1328 Nat.
1960 1267 2025 1328 S.
2070 1265 2389 1345 Crzkogoni.

892 1381 1161 1442 *Praesta
1199 1381 1372 1442 nobis
1414 1400 1470 1442 o.
1514 1381 1588 1440 D.
1630 1393 1695 1442 ut
1734 1399 1911 1458 quem
1952 1382 2087 1442 fidei

891 1479 1245 1540 *offerimus
1284 1478 1438 1540 Dne.
1479 1499 1683 1558 preces
1722 1491 1780 1541 et
1821 1499 2067 1540 munera

929 1577 1063 1636 VD.
1106 1577 1227 1652 Qui
1267 1595 1377 1637 nos
1417 1578 1662 1638 assiduis
1702 1589 2019 1656 martyrum

891 1676 1137 1736 *Annue
1177 1675 1332 1737 Dne.
1371 1694 1430 1755 q.
1474 1687 1536 1735 ut
1578 1674 1895 1758 mysteriis]

876 1814 1168 1894 Incipiunt
1203 1819 1474 1876 orationes
1513 1818 1578 1874 de
1617 1819 1892 1878 Adventu.
1974 1818 2141 1878 Dom.
2184 1837 2221 1878 v
2262 1825 2389 1878 ante
2426 1817 2568 1878 Nat.
2612 1817 2758 1880 Dni.

929 1931 1136 1992 Excita
1175 1931 1327 1992 Dne.
1369 1933 1690 2009 potentiam
1731 1943 1891 1991 tuam
1932 1943 1991 1993 et
2030 1935 2160 1994 veni
2201 1945 2259 1994 et
2301 1935 2461 2014 quod

929 2029 1330 2091 Conscientias
1369 2040 1596 2091 nostras
1638 2050 1701 2109 q.
1744 2049 1798 2091 0.
1841 2031 1917 2089 D.
1958 2033 2215 2110 quotidie

933 2127 1289 2189 Sacrificium
1330 2129 1432 2188 tibi
1473 2129 1624 2188 Dne.
1669 2127 2081 2190 celebrandum
2122 2129 2381 2208 placatus

928 2225 1063 2286 VD.
1107 2225 1226 2300 Qui
1266 2245 1376 2286 nos
1417 2237 1697 2306 tanquam

892 2323 1175 2384 *Animae
1217 2335 1448 2384 nostrae
1490 2342 1548 2403 q.
1591 2343 1647 2385 o.
1688 2324 1763 2386 D.
1810 2319 1924 2385 hoc
1966 2327 2263 2404 potiantur

771 2461 880 2546 [iii
913 2463 1056 2524 Kal.
1097 2464 1235 2525 Dec.
1276 2463 1419 2524 Nat.
1463 2464 1576 2524 SS.
1620 2463 1936 2526 Saturnini
1974 2465 2244 2527 Cri-tanti
2276 2467 2499 2528 Mauri
2529 2477 2583 2530 et
2620 2467 2875 2532 Danae.

927 2579 1244 2640 Beatorum
1283 2591 1598 2658 martyrum
1640 2579 1793 2641 Dne.
1838 2580 2133 2641 Saturnini
2174 2592 2233 2642 et
2274 2581 2523 2643 Crisanti

929 2677 1138 2756 Populi
1177 2679 1261 2738 tui
1302 2677 1453 2738 Dne.
1495 2699 1554 2757 q.
1597 2679 1701 2738 tibi
1742 2689 1907 2756 grata
1946 2681 2019 2740 sit

929 2775 1221 2854 Mysteriis
1261 2775 1414 2836 Dne.
1457 2777 1656 2855 repleti
1700 2795 1901 2838 sumus
1942 2777 2091 2838 votis
2131 2789 2190 2839 et
2232 2775 2484 2860 gaudiis]

837 2912 1076 2997 [Eodem
1115 2911 1225 2999 die]
1265 2915 1365 2997 (iii
1397 2915 1500 2976 ΚΖ.
1539 2916 1762 2977 Deci-ni.
1806 2915 1906 2998 R.)
1964 2917 2087 2996 Vig.
2130 2917 2197 2980 S.
2238 2919 2502 2980 Andreae
2541 2920 2815 2998 Apostoli.

931 3028 1008 3104 Q.
1049 3047 1107 3090 o.
1147 3030 1223 3091 D.
1264 3041 1329 3092 ut
1371 3033 1426 3091 b.
1467 3032 1737 3092 Andreas
1776 3033 2077 3111 apostolus
2118 3045 2252 3095 tuus

929 3129 1125 3189 Tuere
1167 3147 1277 3189 nos
1317 3147 1396 3189 m.
1438 3128 1514 3188 D.
1558 3140 1615 3191 et
1657 3131 1715 3190 b.
1755 3131 2027 3191 Andreae

931 3227 1291 3288 Sacrandum
1333 3227 1435 3288 tibi
1475 3229 1626 3288 Dne.
1668 3247 1884 3288 munus
1924 3229 2221 3290 offerimus

930 3325 1067 3385 VD.
1106 3325 1482 3386 Reverentiae
1523 3337 1656 3386 tuae
1700 3327 1891 3388 dicato
1933 3327 2146 3389 ieiunio

931 3424 1226 3502 Perceptis
1267 3424 1419 3484 Dne.
1463 3426 1841 3485 sacramentis
1883 3426 2217 3503 suppliciter

1093 3565 1265 3624 Prid.
1311 3564 1451 3625 Kal.
1494 3564 1631 3624 Dec.
1673 3564 1817 3626 Ναί.
1861 3566 1923 3626 S.
1966 3568 2229 3626 Andreae
2268 3569 2535 3644 Apostoli.

932 3679 1299 3741 Maiestatem
1341 3692 1501 3740 tuam
1544 3679 1699 3740 Dne.
1741 3681 2075 3759 suppliciter
2114 3699 2423 3742 exoramus

932 3779 1008 3839 D.
1051 3780 1152 3858 qui
1192 3778 1512 3838 humanum
1553 3797 1741 3856 genus
1781 3791 2009 3839 tuorum
2054 3779 2271 3839 retibus

933 3876 1290 3937 Sacrificium
1333 3887 1599 3936 nostrum
1639 3878 1742 3937 tibi
1783 3877 1934 3937 Dne.
1975 3895 2033 3955 q.
2075 3877 2134 3937 b.
2176 3875 2447 3938 Andreae

897 3975 1064 4034 *VD.
1106 3973 1293 4034 Adest
1334 3975 1490 4034 enim
1534 3976 1703 4035 nobis
1743 3976 1866 4035 dies
1904 3975 2250 4054 magnificus

931 4073 1096 4133 Beati
1135 4073 1406 4133 Andreae
1447 4075 1698 4151 apostoli
1738 4074 1888 4133 Dne.
1930 4092 1986 4150 q.
2029 4074 2440 4134 intercessione

931 4171 1098 4230 Beati
1135 4170 1405 4230 Andreae
1447 4171 1693 4249 apostoli
1740 4171 2159 4248 supplicatione

929 4269 1035 4327 Ad
1069 4281 1366 4347 vesperum.
1452 4270 1547 4329 Da
1587 4271 1757 4330 nobis
1800 4288 1855 4349 q.
1902 4270 2054 4330 Dne.
2098 4270 2175 4329 D.
2216 4280 2413 4330 noster
2451 4271 2509 4328 b.
2552 4269 2833 4332 Andreae

930 4368 1160 4428 Exaudi
1203 4366 1354 4428 Dne.
1397 4368 1678 4446 populum
1722 4379 1885 4428 tuum
1928 4388 2061 4428 curn
2104 4387 2148 4428 s.
2192 4369 2434 4446 apostoli

1361 4509 1528 4567 Dom.
1573 4511 1630 4567 iv
1671 4515 1799 4567 ante
1836 4505 1979 4567 Ναί.
2020 4508 2271 4568 Domini.

933 4621 1138 4684 Excita
1179 4622 1329 4682 Dne.
1371 4643 1427 4702 q.
1469 4625 1790 4700 potentiam
1834 4634 1990 4682 tuam
2034 4636 2091 4684 et
2130 4625 2258 4684 veni
2298 4635 2355 4684 et
2396 4625 2471 4682 ab

935 4720 1268 4781 Praeveniat
1309 4739 1420 4780 nos
1461 4741 1518 4799 q.
1562 4741 1615 4782 o.
1658 4721 1733 4780 D.
1780 4734 1875 4782 tua
1915 4724 2099 4799 gratia
