3342 5392
374 711 514 764 RS.

373 776 630 843 Gerb..67

737 408 820 475 62
1314 416 1569 473 LIBER
1609 415 1719 474 SA
1726 415 2140 475 CRAMENT
2138 414 2384 474 ORUM
2645 416 2713 485 [1.
2737 417 2935 467 xxxvii.

1579 588 2087 647 Postoommun.

822 700 1106 787 Repleti,
1167 700 1478 779 Domine,
1537 701 1707 767 sacri
1777 701 2066 768 muneris
2130 702 2362 786 gratia,
2418 701 2750 787 supplices
2812 720 2935 767 ex-

373 843 513 894 Pam
542 845 650 909 248
736 824 1020 886 oramus,
1069 815 1145 871 ut
1201 825 1375 888 quae
1431 815 1634 891 gustu
1684 826 2007 891 corporeo
2064 806 2241 872 dulci
2293 806 2721 872 veneratione
2776 826 2933 873 con·

373 909 512 961 Men.
533 908 616 961 62.

373 1179 683 1245 R.S.(alibi.)

375 1247 526 1297 Gerb.
549 1260 633 1309 45.

373 1328 472 1365 xxv
489 1319 662 1377 supra.

375 1808 443 1859 R.
463 1806 516 1859 S.

375 1876 527 1925 Gerb.
547 1870 628 1923 68.

375 1940 518 1990 Pam.
542 1952 656 2004 249.

377 2006 513 2057 Men.
536 2004 618 2055 62.

375 2222 515 2275 RS.

376 2290 530 2342 Gerb.
551 2286 634 2341 68.

378 2792 443 2842 R.
467 2790 518 2841 S.

375 2857 528 2908 Gerb.
552 2855 635 2907 68.

375 2923 513 2973 Men.
537 2921 618 2985 65.

374 2990 514 3039 Pam.
541 3002 653 3053 249.

375 3054 429 3105 xl
450 3054 612 3119 infra.

379 3255 534 3307 Leon.
561 3266 670 3334 327.

375 3322 476 3398 IJI.
497 3321 614 3371 xxxi

375 3718 682 3785 R.S.(alibi.)

375 3786 533 3835 Gerb.
558 3799 638 3836 20.

375 3851 518 3901 Pam.
545 3864 573 3913 3

538 3860 682 3980 >a

374 3916 447 3966 11.
457 3917 512 3965 lx
525 3932 544 3966 z

734 909 1104 995 figimus,
1029 907 1084 949 ²⁵
1135 909 1433 975 dulciora
1461 910 1799 975 mentibus
1828 910 2207 977 sentiamus.
2299 911 2444 977 Per.

1580 1056 1696 1112 Ad
1724 1055 2087 1126 Populum.

821 1167 949 1245 Da,
978 1187 1395 1251 quaesumus,
1434 1169 1751 1246 Domine,
1786 1168 2094 1236 fidelibus
2136 1167 2267 1234 tuis
2296 1177 2367 1234 et
2394 1169 2537 1233 sine
2565 1168 2934 1235 cessatione

731 1290 966 1354 capere
1023 1271 1360 1354 paschalia
1425 1281 1853 1347 sacramenta,
1916 1282 1986 1338 et
2058 1272 2509 1339 desideranter
2580 1282 2935 1355 expectare

731 1384 1050 1454 ventura3
1095 1384 1168 1439 ut
1187 1373 1242 1414 ²⁶
1275 1376 1606 1459 mysteriis
1642 1376 1887 1460 quibus
1924 1377 2132 1442 renati
2162 1385 2319 1442 sunt
2346 1387 2809 1460 permanentes
2844 1377 2932 1442 ad

731 1498 972 1544 novam
999 1478 1204 1545 vitam
1234 1479 1338 1546 his
1367 1481 1677 1565 operibus
1713 1481 2157 1565 perducantur
2174 1478 2251 1545 ²⁷.
2343 1481 2484 1546 Per.

1398 1669 1598 1734 Feria
1627 1670 1699 1733 iv
1726 1668 2038 1735 Hebdom.
2067 1680 2265 1737 sexta.
2960 1688 3078 1745 548

821 1786 1264 1872 Omnipotens
1303 1789 1708 1874 sempiterne
1744 1790 1950 1870 Deus,
1983 1790 2096 1874 qui
2136 1790 2381 1857 Christi
2424 1789 2523 1857 tui
2554 1790 2753 1855 beata
2782 1810 2933 1873 pas-

733 1892 919 1958 sione
964 1914 1085 1959 nos
1136 1912 1418 1976 reparaS,
1469 1913 1787 1958 conserva
1831 1894 1900 1959 in
1950 1896 2141 1961 nobis
2192 1915 2395 1980 opera
2448 1895 2933 1960 misericordiae

733 2008 910 2077 tuae,
961 2008 1038 2063 ut
1087 1997 1154 2062 in
1199 1996 1392 2063 huius
1438 1997 1819 2064 celebritate
1868 2000 2166 2082 mysterii
2211 2009 2532 2086 perpetua
2575 1999 2932 2065 devotione

733 2101 1054 2167 vivamus.
1145 2100 1289 2167 Per.

823 2205 1110 2285 Praesta,
1153 2225 1568 2288 quaesumus,
1615 2205 2038 2291 omnipotens
2086 2214 2155 2270 et
2201 2206 2566 2273 misericors
2605 2207 2812 2287 Deus,
2856 2215 2932 2273 ut

732 2308 904 2373 sicut
935 2309 1003 2373 in
1047 2309 1598 2375 condemnatione
1643 2309 1796 2374 Filii
1833 2310 1949 2386 tui,
1986 2310 2165 2376 salus
2203 2311 2502 2376 omnium
2548 2310 2672 2377 fuit
2711 2312 2931 2394 piacu-

735 2410 874 2475 lum
894 2408 947 2449 ²⁸
975 2412 1398 2496 perfidorum,
1430 2414 1525 2479 ita
1553 2424 1622 2479 et
1650 2434 1771 2498 per
1806 2414 2320 2480 misericordiam
2345 2423 2529 2479 tuam
2560 2416 2933 2481 communis

733 2516 824 2582 sit
845 2515 1062 2582 cultus
1091 2515 1218 2581 iste
1245 2516 1681 2583 credentium.
1771 2516 1916 2583 Per.

1690 2664 1978 2721 Secreta.

825 2772 1122 2859 Suscipe‚
1172 2795 1594 2858 quaesumus,
1641 2775 1956 2853 Domine,
2007 2796 2247 2841 munus
2292 2772 2612 2854 oblatum,
2666 2782 2733 2839 et
2784 2773 2931 2859 dig-

737 2888 973 2945 nanter
1017 2899 1311 2964 operare,
1357 2888 1432 2943 ut
1483 2880 1662 2964 quod
1717 2881 2042 2963 passionis
2088 2878 2404 2964 mysterio
2451 2879 2762 2964 gerimus,
2806 2880 2929 2964 piis

734 2983 1080 3049 affectibus
1109 3003 1604 3068 consequamur.
1693 2984 1838 3049 Per.

1587 3129 2089 3186 Postoommun.

825 3240 1148 3307 Caelestis
1211 3241 1369 3308 doni
1443 3241 1907 3308 benedictione
1980 3250 2293 3325 percepta
2314 3238 2388 3321 ²⁹,
2446 3240 2776 3326 supplices
2842 3252 2930 3316 te,

737 3346 1032 3411 Domine
1049 3344 1125 3423 ³⁰,
1155 3346 1602 3429 deprecamur,
1633 3357 1709 3413 ut
1738 3345 1869 3411 hoc
1900 3346 2077 3412 idem
2109 3346 2301 3411 nobis
2332 3366 2595 3431 semper
2621 3356 2690 3413 et
2718 3366 2929 3412 sacra-

737 3450 946 3517 menti
973 3470 1170 3516 causa
1199 3451 1289 3517 sit
1317 3461 1386 3516 et
1415 3449 1666 3516 salutis.
1757 3450 1897 3515 Per.
1937 3477 1980 3534 γ

1581 3596 1694 3652 Ad
1722 3594 2087 3665 Populum.

819 3705 1194 3785 Auxiliare,
1241 3707 1550 3787 Domine,
1601 3709 1856 3794 populo
1900 3718 2041 3785 tu0,
2087 3718 2161 3774 ut
2207 3716 2432 3773 sacrae
2478 3707 2849 3775 devotionis
2874 3706 2927 3747 ³¹

734 3810 1083 3896 proficiens
1135 3811 1571 3888 incrementis,
1613 3822 1683 3879 et
1726 3822 1846 3878 tuo
1890 3832 2153 3895 semper
2194 3832 2469 3878 munere
2511 3814 2931 3897 gubernetur,

733 3925 803 3981 et
830 3916 916 3979 ad
947 3914 1422 3999 redemptionis
1456 3924 1766 3983 aeternae
1793 3915 2120 4003 pertineat
2142 3912 2197 3953 ³²
2199 3926 2314 3993 ,te
2356 3917 2641 3981 docente
2664 3915 2737 3997 ³³,
2771 3936 2929 4011 con-

732 4018 1034 4086 sortium.

800 4172 819 4203 ²
846 4171 1164 4235 Omnipotens
1177 4171 1472 4237 sempiterna
1487 4172 1630 4223 Deus
1645 4172 1712 4222 R.
1729 4170 1780 4223 S.
1798 4171 1951 4223 Gerb.
1966 4172 2106 4221 Pam.
2125 4172 2293 4233 Men.;
2326 4172 2392 4223 V.
2412 4188 2468 4221 as
2488 4178 2609 4223 text.
2736 4170 2759 4199 ⁹
2780 4171 2929 4222 Gerb.

734 4238 876 4287 Pam.
901 4237 1036 4287 Men.
1058 4238 1184 4287 omit
1204 4244 1279 4294 εἰς
1313 4238 1375 4287 V.
1401 4238 1462 4286 R.
1487 4238 1540 4287 S.
1563 4254 1618 4287 as
1640 4244 1761 4289 text.
1981 4237 2001 4267 ⁸
2035 4238 2095 4286 R.
2120 4238 2171 4288 S.
2195 4238 2345 4287 insert
2366 4238 2520 4288 nobis.
2737 4238 2758 4266 ⁴
2789 4238 2930 4289 Pam·

735 4302 884 4353 omits
903 4310 965 4353 et.
1162 4302 1184 4332 ⁸
1216 4303 1378 4367 :psius
1399 4304 1462 4354 R.
1485 4304 1535 4353 S.
1561 4302 1711 4355 Gerb.
1734 4304 1875 4353 Pam.
1897 4302 2033 4353 Men.
2052 4318 2065 4362 3
2098 4304 2165 4353 V.
2186 4319 2241 4353 as
2262 4310 2381 4354 text.
2576 4300 2598 4329 ⁸
2627 4302 2769 4352 Pam.
2792 4304 2929 4351 Men.

735 4370 862 4419 omit
882 4368 1020 4427 εἰμες
1053 4367 1118 4418 V.
1145 4367 1208 4416 R.
1233 4368 1284 4419 S.
1309 4368 1460 4418 Gerb.
1483 4384 1540 4418 as
1561 4374 1682 4419 text.
1866 4367 1886 4400 ⁷
1918 4370 1980 4418 R.
2004 4368 2055 4419 S.
2081 4368 2233 4419 Gerb.
2259 4369 2397 4418 Pam.
2424 4368 2561 4418 Men.
2586 4369 2711 4418 omit
2737 4368 2935 4418 Christi

735 4432 958 4485 Domini
975 4435 1140 4483 nostri
1151 4449 1165 4495 ;
1199 4434 1250 4483 S.
1274 4434 1425 4484 Gerb.
1448 4436 1587 4483 Pam.
1611 4434 1740 4485 have
1760 4435 1864 4484 Per
1886 4450 1945 4483 or
1962 4436 2070 4485 Per
2085 4434 2323 4494 eundum
2356 4434 2493 4483 Men.
2520 4434 2629 4495 Qui
2645 4441 2833 4492 tecum3
2866 4433 2931 4480 V.

735 4516 792 4550 as
813 4506 932 4549 text.
1197 4499 1216 4529 ⁸
1249 4505 1308 4548 ut
1331 4536 1346 4550 .
1375 4536 1386 4548 .
1413 4500 1539 4563 ‚fac
1566 4500 1630 4549 V.
1651 4500 1715 4549 R.
1739 4499 1826 4561 S¹3
1858 4506 1919 4549 ut
1941 4534 1954 4548 .
1981 4536 1994 4548 .
2017 4536 2030 4549 .
2054 4500 2228 4563 facim
2256 4500 2310 4549 S²
2343 4498 2521 4557 Gerb.;
2556 4499 2696 4548 Pam.
2730 4513 2787 4547 as
2813 4504 2933 4547 text.

735 4564 757 4595 ⁸
785 4566 982 4613 amicus
1009 4564 1106 4624 V.;
1153 4564 1217 4614 R.
1252 4563 1344 4614 has
1377 4566 1635 4617 inimicus.
1718 4566 1860 4615 Iesus
1900 4567 1942 4615 C
1940 4565 2134 4615 hristus
2167 4564 2423 4615 Dominus
2453 4570 2645 4623 nostem
2691 4562 2743 4613 S.
2779 4563 2931 4613 Gerb.

735 4630 874 4679 Pam.
898 4630 1026 4682 omit
1045 4632 1214 4680 Iesum
1241 4630 1504 4681 Christum
1525 4630 1813 4681 Dominum
1846 4637 2075 4680 nostrum
2108 4630 2205 4680 and
2235 4630 2331 4681 end
2351 4630 2472 4679 with
2506 4630 2611 4679 Per
2626 4629 2853 4684 eundem.
2874 4642 2935 4677 or

734 4698 839 4745 Per
857 4696 1158 4746 Dominum.
1427 4694 1632 4760 “quod
1647 4695 1833 4745 debitae
1855 4696 1993 4745 Pam.
2017 4696 2171 4746 Leon.
2196 4696 2278 4759 (so
2300 4694 2558 4745 Tommasi
2580 4693 2759 4756 here),
2791 4693 2854 4743 V.
2878 4710 2935 4742 as

733 4768 838 4812 text
884 4761 1056 4827 (qfflcio
1101 4762 1250 4825 being
1293 4758 1506 4826 perhaps
1547 4760 1649 4811 abl.
1696 4760 1774 4811 sor
1815 4760 1961 4826 ace).
2222 4760 2547 4812 ¹sentiamus
2590 4758 2728 4808 Pam.
2778 4758 2930 4809 Leon.
