3342 5392
303 1024 368 1073 R.
389 1021 444 1074 S.

302 1089 457 1138 Gerb.
485 1087 596 1151 164.

303 1154 444 1204 Pam.
467 1170 582 1218 409.

303 1219 440 1270 Men.
471 1234 488 1268 1
501 1219 578 1284 76.

303 1451 364 1502 R.
387 1451 442 1502 S.

301 1516 455 1567 Gerb.
484 1515 595 1579 164.

295 1581 362 1634 cf.
373 1582 442 1632 lvi
456 1582 616 1649 infra.

298 2078 364 2128 R.
387 2077 440 2128 S.

301 2144 454 2194 Gerb.
485 2141 593 2207 164.

299 2211 440 2258 Pam.
465 2223 577 2274 409.

298 2275 436 2324 Men.
464 2275 574 2339 176.

300 2339 456 2392 Iaeon.
479 2342 594 2405 448.

299 2573 359 2620 R.
385 2571 441 2622 S.

299 2639 452 2688 Gerb.
479 2638 587 2701 164.

297 2704 437 2752 Pam.
461 2718 574 2768 409.

299 2769 438 2818 Men.
465 2781 574 2832 177.

299 2835 450 2884 Leon.
479 2837 592 2899 378.

300 3925 360 3975 R.
387 3925 440 3976 S.

299 3991 453 4040 Gerb.
483 3988 590 4040 168.

301 4057 436 4106 Men.
466 4067 574 4120 177.

299 4459 365 4508 R.
388 4459 441 4510 S.

299 4526 452 4575 Gerb.
484 4525 592 4577 168.

299 4591 437 4640 Pam.
461 4606 574 4656 409.

301 4657 437 4706 Men.
469 4668 578 4719 177.

301 4721 455 4772 Leon.
482 4734 592 4788 371.

671 429 796 492 228
1231 435 1489 494 LIBER
1529 435 1638 494 SA
1645 437 2307 496 CRAMENTORUM
2504 441 2629 506 [111.
2652 443 2735 502 vii,
2762 441 2865 494 viii.

1643 741 1803 800 ΠΙ.

1393 871 1586 937 ITEM
1631 885 1811 938 AuA
1856 871 2091 936 MISSA
2108 869 2155 936 ¹.

753 1009 1204 1094 Omnipotens
1247 1011 1646 1094 sempiterne
1693 1012 1899 1090 Deus,
1944 1011 2061 1094 qui
2103 1007 2559 1076 abundantia²
2596 1009 2867 1093 pietatis

667 1121 820 1178 tuae
861 1123 929 1178 et
983 1115 1216 1178 merita
1264 1114 1639 1199 supplicum
1690 1115 1959 1180 excedis
2009 1125 2077 1180 et
2129 1125 2306 1191 vota,
2356 1113 2622 1179 effunde
2668 1133 2867 1197 super

666 1238 789 1282 nos
863 1219 1380 1282 misericordiam
1454 1227 1658 1292 tuam,
1718 1227 1791 1282 ut
1864 1219 2165 1284 dimittas
2223 1238 2397 1301 quae
2468 1217 2867 1284 conscientia

667 1322 921 1399 metuit,
950 1330 1018 1384 et
1047 1322 1320 1386 adiicias
1350 1323 1530 1404 quod
1561 1322 1777 1386 oratio
1800 1321 1827 1359 ³
1860 1341 1991 1386 non
2022 1323 2399 1404 praesumit.
2493 1322 2635 1387 Per.
2666 1349 2707 1404 γ

755 1441 1200 1526 Omnipotens
1239 1442 1639 1524 sempiterne
1688 1441 1919 1506 Deus⁴
1960 1463 2006 1508 a
2048 1463 2186 1526 quo
2230 1441 2421 1508 sola⁶
2464 1451 2693 1506 sancta
2745 1441 2863 1505 de-

667 1545 924 1626 sideria,
981 1555 1156 1610 recta
1206 1544 1494 1624 consilia,
1545 1555 1615 1610 et
1662 1546 1836 1610 iusta
1879 1555 2035 1610 sunt
2084 1567 2302 1630 opera,
2346 1546 2435 1610 da
2481 1548 2685 1609 servis
2729 1547 2861 1610 tuis

665 1648 870 1727 illam,
900 1667 1102 1732 quam
1151 1650 1436 1714 mundus
1476 1649 1636 1713 dare
1681 1669 1815 1714 non
1860 1659 2100 1733 potest,
2132 1670 2403 1734 pacem3
2450 1661 2523 1714 ut
2561 1659 2631 1714 et
2660 1650 2861 1714 corda

663 1762 891 1818 nostra
921 1753 1251 1817 mandatis
1282 1753 1410 1817 tuis
1441 1753 1687 1830 dedita,
1711 1765 1779 1818 et
1810 1765 2115 1837 tempora
2142 1755 2275 1818 sint
2304 1764 2423 1819 tua
2452 1755 2863 1837 protectione

660 1857 1032 1939 tranquilla.
1123 1857 1268 1921 Per.
1295 1881 1338 1939 γ

1613 1952 1909 2010 Secreta..

754 2065 1054 2148 Respice,
1101 2063 1410 2141 Domine,
1445 2085 1847 2148 quaesumus
1867 2065 1912 2143 ⁶,
1956 2073 2249 2129 nostram
2296 2065 2621 2149 propitius
2659 2064 2861 2128 servi-

659 2176 920 2244 tutem3
985 2176 1060 2231 ut
1106 2169 1286 2249 quod
1346 2169 1681 2234 offerimus
1742 2170 1833 2232 sit
1897 2168 2019 2233 tibi
2070 2189 2310 2233 munus
2361 2177 2729 2252 acceptum,
2772 2169 2863 2232 sit

661 2282 926 2337 nostrae
957 2269 1370 2356 fragilitatis?
1399 2274 1787 2338 subsidium.
1879 2273 2019 2336 Per.
2049 2298 2092 2355 γ

1515 2444 2015 2500 Posteommun.

747 2555 1150 2636 SentiamuS,
1197 2558 1507 2637 Domine,
1536 2576 1953 2639 quaesumuS,
1989 2557 2089 2622 tui
2134 2537 2600 2640 perceptione²³
2643 2576 2863 2621 sacra·

663 2662 868 2724 menti
915 2661 1280 2726 subsidium
1327 2662 1568 2726 mentis
1599 2671 1666 2726 et
1704 2663 2019 2744 corporis,
2049 2670 2123 2724 ut
2168 2662 2233 2725 in
2268 2670 2549 2745 utroque
2578 2660 2813 2726 salvati
2833 2661 2861 2697 ⁹

659 2763 960 2828 caelestis
992 2765 1258 2828 remedii
1289 2764 1701 2849 plenitudine
1730 2763 2103 2848 gloriemur.
2194 2766 2334 2830 Per.
2364 2791 2406 2846 γ

728 2924 746 2954 ¹
779 2925 906 2974 This
929 2925 1092 2974 Missa
1113 2925 1157 2974 is
1178 2926 1406 2988 assigned
1429 2926 1496 2989 by
1516 2925 1578 2974 R.
1597 2925 1647 2975 S.
1671 2925 1822 2975 Gerb.
1844 2932 1903 2974 to
1923 2925 2011 2975 the
2032 2924 2295 2974 thirteenth
2318 2924 2519 2989 Sunday
2538 2923 2663 2974 after
2684 2925 2858 2973 Pente-

661 2996 799 3040 cost:
833 3006 914 3040 see
937 2989 1022 3038 the
1045 2991 1210 3040 Mais-sa
1231 2991 1306 3040 sor
1328 2991 1412 3040 the
1434 2991 1628 3040 twelsth
1652 2989 1852 3056 Sunday
1874 2989 1925 3040 in
1954 2992 2111 3052 Pam„
2135 2992 2231 3038 and
2256 2991 2364 3040 that
2387 2992 2464 3039 sor
2485 2989 2571 3039 the
2592 2991 2859 3040 thinemth

661 3055 864 3119 Sunday
885 3056 935 3104 in
961 3057 1096 3105 Men.
1292 3055 1313 3085 ¹
1345 3055 1749 3105 habundantiam
1774 3056 1838 3104 V.
2044 3055 2067 3084 ⁸
2097 3056 2322 3106 oratione
2342 3057 2480 3106 Pam.
2684 3056 2703 3082 ⁴
2733 3055 2860 3104 This

663 3120 862 3172 Colleet
887 3135 1056 3171 occurs
1089 3123 1140 3170 in
1162 3137 1194 3170 11
1217 3121 1490 3170 somewbat
1507 3121 1737 3171 different
1757 3120 1883 3171 form
1906 3122 1957 3171 in
1987 3121 2074 3171 the
2096 3122 2259 3172 Mem
2272 3128 2373 3185 pro
2406 3123 2531 3170 Pace
2554 3118 2648 3182 (lvi
2672 3119 2857 3184 insta).

661 3187 682 3216 ⁵
714 3188 809 3236 solo
831 3184 886 3236 S¹
909 3187 1091 3246 Gerb.;
1126 3187 1194 3236 V.
1217 3187 1277 3234 R.
1301 3187 1356 3236 8¹
1377 3193 1575 3236 as’tcxt.
1731 3185 1753 3215 ⁸
1783 3201 2085 3252 quaesumus
2104 3187 2323 3236 Domine
2345 3187 2498 3236 Leon.
2648 3183 2667 3212 ¹
2683 3186 2859 3249 fragi-

661 3252 807 3302 litata·
827 3252 976 3301 Leon.
998 3252 1166 3310 Pam.;
1200 3251 1264 3304 V.
1287 3253 1349 3302 R.
1363 3252 1420 3302 S.
1439 3253 1590 3303 Gerb.
1613 3251 1749 3304 Men.
1772 3267 1829 3302 ts
1850 3259 1969 3303 text.
2165 3251 2185 3278 ⁸
2210 3253 2564 3316 perceptarum
2588 3251 2649 3303 V.
2668 3268 2685 3312 ς
2716 3251 2779 3300 R.
2805 3251 2857 3300 S.

661 3319 816 3370 Gerb.
840 3318 981 3370 Pam.
1004 3318 1138 3368 Men.
1161 3317 1314 3368 Leon.
1335 3333 1393 3368 as
1415 3323 1536 3372 text.
1733 3316 1754 3347 ⁰
1784 3315 1940 3368 Leon.
1964 3319 2139 3369 insert·
2158 3317 2230 3368 de.

1655 3644 1855 3701 VIII.
2890 3651 3015 3707 691

1375 3775 1566 3839 ITEM
1613 3787 1791 3838 ALIA
1839 3773 2141 3840 MISSA1.
2290 3759 2309 3770 '

751 3913 1196 3996 Omnipotens
1225 3914 1623 3996 sempiterne
1657 3913 1861 3990 DeuS,
1885 3934 2001 3995 per
2029 3932 2227 3995 quem
2257 3913 2477 3996 coepit
2509 3885 2652 3975 es’se
2681 3913 2861 3994 quod

664 4037 795 4080 non
848 4027 1010 4095 crat,
1056 4027 1122 4080 et
1167 4017 1414 4081 sactum
1470 4028 1572 4082 cst
1617 4018 1872 4081 visibile
1916 4017 2095 4099 quod
2143 4017 2414 4095 latebat,
2463 4015 2813 4081 stultitiam
2836 4013 2869 4052 ²

665 4121 872 4185 nostri
903 4121 1121 4185 cordis
1152 4122 1458 4199 emunda,
1481 4132 1550 4186 et
1573 4141 1745 4203 quae
1775 4122 1839 4184 in
1873 4122 2061 4186 nobis
2091 4131 2241 4184 sunt
2272 4121 2581 4186 vitiorum
2612 4130 2865 4184 secreta

665 4225 978 4307 purifica:
1025 4235 1097 4288 ut
1149 4225 1478 4309 possimus
1529 4226 1647 4288 tibi
1701 4225 1995 4290 Domino
2019 4225 2046 4262 ³
2106 4244 2273 4309 pura
2334 4235 2555 4289 mente
2600 4225 2859 4288 servire.

665 4329 810 4392 Per.

752 4449 1194 4532 Omnipotens
1239 4457 1308 4512 et
1353 4448 1716 4513 misericors
1763 4448 1968 4524 Deus,
2000 4449 2086 4511 de
2129 4449 2313 4512 cuius
2356 4468 2625 4513 munere
2662 4448 2869 4524 venit,

663 4563 736 4618 ut
766 4553 890 4618 tibi
920 4575 961 4618 a
990 4553 1297 4618 fidelibus
1327 4553 1459 4616 tuis
1485 4554 1687 4635 digne
1718 4562 1786 4616 et
1817 4552 2237 4616 laudabiliter
2264 4538 2605 4630 serviatur,
2624 4553 2859 4627 tribue,

661 4677 1078 4739 quaesumuS,
1107 4658 1303 4722 nobis
1322 4654 1365 4735 ⁴,
1397 4666 1470 4721 ut
1501 4659 1586 4722 ad
1617 4656 2083 4739 promissiones
2114 4665 2263 4720 tuas
2281 4654 2307 4690 ⁵
2330 4657 2471 4720 sine
2502 4656 2865 4720 ofsensione

661 4780 1014 4825 curramus.
1107 4762 1247 4826 Per.
1285 4787 1326 4843 y
