3342 5392
1275 429 1733 488 APPENDIX.
2478 419 2599 506 361

852 591 1062 656 Eodem
1101 593 1188 654 die
1227 591 1374 654 Nat.
1415 593 1481 654 S.
1522 592 1794 654 Martini
1828 591 2103 672 Epacqoi
2116 591 2153 652 ¹.
2656 591 2810 643 Gerb.
2832 607 2919 657 PP-

614 705 690 767 D.
730 707 830 786 qui
868 706 1161 784 conspicis
1201 707 1339 785 quia
1377 725 1452 768 ex
1491 706 1652 768 nulla
2662 671 2775 723 ¹⁹²³
2795 670 2903 724 ¹⁹³⁸

614 805 691 868 O.
731 824 777 867 8.
818 804 896 864 D.
940 804 1366 865 solemnitatem
1405 805 1522 866 diei
1561 805 1734 866 huius

611 903 680 964 B.
723 903 964 964 Martini
1004 903 1298 981 pontificis
1338 921 1396 981 q.
1439 903 1591 966 Dne.
1635 903 1809 964 nobis
1847 904 1947 981 pia

611 1001 746 1061 VD.
789 1000 884 1062 Te
925 1001 988 1061 in
1029 1001 1087 1061 b.
1130 999 1368 1062 Martini
1409 1001 1701 1080 pontificis

611 1100 752 1159 Tua
790 1098 945 1160 Dne.
989 1109 1190 1162 sancta
1230 1111 1526 1161 sumentes
1567 1099 1903 1178 suppliciter

610 1197 860 1258 Exaudi·
881 1196 1035 1259 Dne.
1079 1196 1364 1275 populum
1407 1207 1574 1258 tuum
1616 1206 1741 1258 tota
1780 1197 1885 1258 tibi

612 1297 850 1357 Praesta
890 1315 949 1376 q.
989 1313 1046 1358 o.
1089 1294 1166 1356 D.
1205 1305 1272 1356 ut
1311 1297 1460 1356 sicut
1501 1295 1698 1356 divina
1736 1294 2043 1356 laudamus

1030 1441 1211 1503 Heba.
1250 1445 1421 1504 xxvi
1443 1450 1572 1522 post
1606 1445 1977 1506 Pentecosten.
2657 1446 2811 1497 Gerb.

609 1557 688 1619 D.
729 1557 1016 1636 refugium
1059 1570 1328 1619 nostrum
1365 1569 1426 1620 et
1464 1560 1640 1620 virtus
2654 1530 2705 1578 p.
2736 1525 2847 1580 ¹⁹⁴⁴

611 1656 686 1717 D.
728 1675 904 1736 quem
947 1657 1194 1717 docente
1236 1657 1450 1735 Spiritu
1493 1667 1699 1718 sancto

572 1753 704 1815 *Da
742 1773 822 1814 m.
864 1753 940 1815 D.
980 1763 1044 1814 ut
1084 1754 1232 1816 haec
1263 1756 1437 1816 nobis
1479 1755 1745 1816 salutaris
1784 1755 2001 1818 oblatio

611 1851 748 1913 VD.
789 1851 930 1942 Tibi
970 1853 1194 1914 debitas
1233 1852 1434 1914 laudes

612 1951 982 2030 Sumpsimus
1022 1949 1176 2012 Dne.
1217 1953 1366 2013 sacri
1407 1952 1566 2013 dona
1603 1952 1861 2030 mysterii

683 2095 805 2180 [xv
845 2095 990 2158 Kal.
1031 2096 1186 2159 Nov.
1225 2097 1353 2180 (sic)
1395 2099 1539 2161 Nat.
1582 2099 1647 2160 S.
1689 2099 2011 2178 Augustini
2044 2099 2329 2178 Episcopi.
2656 2109 2795 2161 Gerb

612 2213 837 2273 Adesto
879 2213 1394 2291 supplicationibus
1434 2215 1646 2274 nostris
1687 2233 1744 2275 o.
1786 2213 1862 2276 D.
1905 2225 1962 2282 et
2002 2215 2215 2294 quibus

610 2311 671 2374 S.
717 2309 1066 2372 confessoris
1107 2313 1190 2372 tui
1231 2314 1540 2392 Augustini
1583 2315 1755 2374 nobis

575 2409 744 2469 ΛΠ).
782 2407 860 2468 Et
899 2409 962 2468 in
1003 2410 1164 2470 omni
1203 2411 1335 2472 loco
1376 2430 1445 2471 ac
1487 2421 1748 2489 tempore

611 2507 695 2568 Ut
734 2507 910 2568 nobis
951 2506 1105 2568 Dne.
1146 2517 1247 2568 tua
1288 2510 1568 2570 sacrificia
1608 2507 1776 2590 dent]

1022 2655 1206 2718 Hebd.
1248 2659 1440 2718 xxvii
1465 2664 1597 2736 post
1630 2659 1997 2718 Pentecosten.
2655 2669 2812 2720 Gerb.

607 2773 813 2836 Excita
851 2775 1005 2836 Dne.
1048 2794 1106 2853 q.
1148 2783 1380 2833 tuorum
1423 2772 1679 2832 fidelium
1722 2771 2047 2834 voluntates

608 2872 816 2934 Excita
857 2873 1010 2934 Dne.
1052 2883 1288 2932 tuorum
1327 2871 1504 2931 corda
1545 2871 1799 2931 fidelium

575 2970 900 3049 *Propitius
941 2981 1071 3033 esto
1112 2970 1266 3029 Dne.
1309 2969 1826 3047 supplicationibus
1868 2971 2079 3030 nostris

610 3068 746 3128 VD.
787 3069 991 3130 Tuum
1031 3079 1118 3129 est
1157 3068 1316 3127 enim
1355 3085 1536 3128 omne
1574 3068 1738 3145 quod
1778 3067 2021 3127 vivimus

612 3165 894 3228 Concede
933 3165 1106 3226 nobis
1145 3165 1298 3224 Dne.
1339 3182 1396 3243 q.
1438 3175 1502 3225 ut
1543 3175 1907 3225 sacramenta

970 3317 1053 3375 xi
1088 3312 1229 3374 Kal.
1272 3312 1410 3374 Dec.
1465 3313 1587 3389 ναξ.
1632 3312 1697 3373 S.
1744 3312 2032 3374 Caeciliae.
2656 3326 2812 3376 Geth.

613 3429 674 3490 S.
716 3431 984 3508 martyris
1023 3439 1158 3490 tuae
1200 3428 1486 3490 Caeciliae
1527 3429 1681 3488 Dne.
2655 3407 2707 3456 Ρ·
2737 3391 2845 3456 '⁹⁶'

607 3527 955 3590 Muneribus
997 3528 1209 3588 nosttis
1249 3527 1401 3586 Dne.
1446 3526 1504 3586 S.
1548 3525 1836 3587 Caeciliae

607 3622 808 3708 [2VD.
851 3625 1066 3687 Beatae
1107 3624 1393 3686 Caeciliae
1435 3625 1756 3685 natalitium
1797 3622 1979 3706 Dne.]

571 3723 683 3799 *Q.
723 3742 781 3787 o.
822 3724 898 3785 D.
939 3734 1002 3785 ut
1043 3742 1294 3804 quorum
1337 3741 1448 3785 nos
1490 3724 1694 3784 tribuis
1734 3724 2168 3783 communicare

971 3883 1028 3928 x
1066 3863 1211 3925 Kal.
1253 3863 1386 3924 Dec.
1429 3862 1572 3924 Nat.
1621 3863 1687 3924 S.
1733 3863 2030 3924 Caeciliae.
2657 3877 2809 3927 Gerb.
2833 3892 2919 3941 pp.

572 3977 682 4041 nD.
724 3979 820 4040 cui
861 3979 1036 4040 beata
1077 3977 1332 4040 Caecilia
1373 3980 1452 4038 ita
1493 3979 1769 4040 castitatis
2665 3941 2773 4007 '⁹⁶’
2798 3955 2908 4007 ¹⁹⁷⁸

610 4077 781 4139 Haec
822 4077 1014 4138 hostia
1053 4076 1205 4136 Dne.
1248 4077 1588 4155 placationis
1629 4086 1688 4137 et
1727 4077 1915 4137 laudis

570 4173 736 4236 *VD.
778 4175 898 4250 Qui
937 4175 1162 4254 perficit
1199 4177 1260 4234 in
1303 4175 1635 4236 infirmitate

570 4273 778 4336 *Haec
817 4291 930 4336 nos
972 4273 1124 4333 Dne.
1165 4273 1350 4350 gratia
1389 4283 1490 4334 tua
1530 4293 1588 4352 q.
1632 4291 1863 4350 semper

943 4415 1018 4474 ix·
1058 4411 1200 4474 Kal.
1244 4412 1408 4475 Dec.²
1447 4411 1590 4473 Nat.
1638 4410 1704 4473 S.
1750 4412 2060 4474 Clemenltk.
2658 4421 2811 4470 Gerb.
2838 4437 2923 4535 ρέ).

2664 4497 2776 4552 ¹972
2801 4500 2861 4551 ι9
2898 4523 2911 4536 ·

609 4529 687 4592 Ο.
731 4547 782 4590 8.
821 4527 898 4588 D.
941 4529 1039 4606 qui
1081 4529 1142 4588 in
1183 4529 1448 4590 omnium
1491 4540 1825 4589 sanctorum

607 4627 968 4688 Sacrificium
1010 4627 1112 4687 tibi
1154 4626 1308 4688 Dne.
1349 4627 1536 4688 laudis
1579 4627 1879 4688 offerimus

499 4744 519 4774 ¹
551 4749 613 4800 R.
639 4749 728 4800 has
751 4749 822 4802 εει·
838 4749 918 4801 Ja.
941 4748 1072 4804 Nou.
1096 4737 1232 4803 Nat‘l
1249 4751 1336 4801 ,ςῑῐ
1357 4749 1589 4802 Martini
1605 4749 1679 4800 aar
1694 4749 1818 4801 Mis.
1948 4748 1975 4784 ²
2006 4749 2107 4800 vita·
2128 4739 2200 4802 R.
2224 4749 2418 4800 Daca-2.
2444 4749 2506 4799 R.
