3342 5392
399 433 467 484 11.
491 427 622 494 xvi]
1021 429 1452 487 ROMANAE
1489 429 1603 486 EC
1602 428 1965 488 CLESJAE
1968 470 1984 488 .
2475 443 2590 509 171

1313 603 1492 661 Item
1533 602 1688 660 alia.

485 717 876 782 Benedictio
919 726 1052 796 tua,
1089 716 1404 795 Domine,
1447 717 1634 800 larga
1679 717 2058 792 descendat,
2104 737 2277 802 quae
2324 737 2599 784 munera
2648 729 2727 779 Cf.
2750 729 2882 780 Mur.
2905 731 2956 783 ii.

399 832 646 901 nostra,
678 822 1078 905 deprecante
1118 823 1318 887 beata
1352 821 1748 905 Euphemia‚
1777 821 1901 885 tibi
1942 821 2178 887 reddat
2205 833 2496 906 accepta,
2530 834 2600 888 et
2653 805 2763 860 ¹²⁷·

395 926 591 993 nobis
621 935 1102 990 sacramentum
1141 926 1620 1009 redemptionis
1648 925 1908 992 efficiat.
1998 925 2137 990 Per.
2168 951 2211 1006 γ

1252 1087 1755 1144 Postoommun.

488 1155 772 1265 Sancta‘e
815 1219 938 1265 nos
983 1201 1292 1283 martyris
1334 1199 1751 1284 Euphemiae
1791 1200 2085 1282 precatio
2120 1200 2259 1280 tibi,
2291 1201 2598 1282 Domine,
2646 1209 2698 1262 S.

394 1313 588 1387 grata
631 1305 1002 1382 comitetur,
1035 1313 1102 1369 et
1145 1312 1332 1368 tuam
1379 1305 1572 1368 nobis
1618 1304 2099 1388 indulgentiam
2144 1325 2417 1390 poscere
2462 1328 2597 1372 non
2647 1277 2802 1328 Gerb.
2831 1291 2943 1342 ¹⁰⁵·

393 1407 695 1473 desistat.
784 1408 930 1472 Per.

461 1562 480 1592 ¹
513 1560 801 1612 Nativitate
821 1561 884 1628 (7)
909 1560 973 1611 V.
1120 1561 1142 1591 ²
1174 1559 1436 1626 Eufimiae
1457 1560 1522 1612 V.
1545 1558 1634 1622 S¹;
1671 1561 1939 1626 Eufemiae
1960 1560 2017 1611 8¹
2041 1561 2197 1612 Gerb.
2224 1561 2598 1628 (throughout).

395 1627 415 1655 ³
447 1628 662 1692 Aprilis,
688 1643 746 1676 so
768 1627 852 1687 V.‚
875 1627 1090 1692 perhaps
1113 1627 1187 1677 for
1206 1627 1426 1690 Apriles.
1684 1627 1703 1656 ⁴
1740 1627 1950 1676 Concede
1970 1643 2273 1692 quaesumus
2294 1628 2599 1694 ommspotens

395 1693 538 1744 Deus
559 1692 610 1742 S.
635 1692 786 1742 Gerb.
933 1693 954 1724 ⁸
985 1692 1167 1757 quibus
1188 1692 1270 1748 S²;
1303 1707 1443 1742 some
1461 1691 1630 1742 letters
1652 1691 1781 1742 have
1803 1692 1926 1742 been
1950 1693 2119 1742 erased
2142 1694 2194 1743 in
2214 1693 2285 1743 8¹.
2436 1693 2457 1722 ‘⁸
2487 1711 2595 1744 con—

393 1757 540 1807 cilias
554 1758 646 1816 V.;
667 1757 724 1807 8²
741 1757 895 1808 Gerb.
909 1774 966 1808 as
980 1764 1084 1808 text
1100 1775 1114 1816 ;
1136 1773 1199 1806 an
1211 1773 1404 1808 erasure
1421 1758 1473 1808 in
1489 1759 1543 1808 S¹
1561 1757 1801 1824 (perhaps
1815 1757 2141 1824 conciliabis).
2300 1757 2321 1786 ⁷
2352 1759 2597 1824 largiaris

395 1822 458 1871 V.
481 1821 556 1872 8².
581 1823 765 1884 δετὰς
796 1823 853 1874 S¹
874 1823 1089 1889 perhaps
1109 1822 1365 1888 largieris.

1398 2063 1591 2120 XVI.

523 2193 611 2256 IN
662 2193 726 2257 N
732 2206 961 2258 ATALI
1008 2193 1344 2257 Pfflmpm
1390 2207 1487 2258 ET
1535 2193 1794 2258 IAcom
1838 2194 2405 2262 APOSTOLORUM
2426 2195 2471 2260 ¹.

1157 2329 1441 2395 Kalend.
1486 2329 1769 2396 Madias
1784 2328 1825 2396 ².

403 2463 408 2468 ’
483 2467 686 2544 Deus,
717 2468 832 2553 qui
865 2490 936 2534 es
965 2469 1264 2533 omnium
1311 2478 1687 2533 sanctorum
1734 2480 1997 2535 tuorum
2042 2471 2358 2556 splendor
2393 2473 2591 2537 mira·
2642 2485 2707 2536 R.
2732 2485 2786 2537 S.

393 2571 559 2649 bilis,
587 2574 832 2657 quique
852 2573 879 2611 ³
908 2573 1085 2637 hunc
1115 2573 1291 2638 diem
1331 2573 1676 2637 beatorum
1709 2575 2168 2657 apostolorum
2205 2575 2492 2660 Philippi
2523 2586 2593 2642 et
2639 2551 2933 2669 ξξέἷζξὲ·

397 2675 622 2741 Iacobi
669 2678 994 2760 martyrio
1034 2677 1379 2754 coronasti,
1421 2677 1510 2740 da
1554 2675 1872 2742 ecclesiae
1915 2687 2069 2744 tuae
2112 2681 2201 2744 de
2242 2680 2545 2746 natalitia
2562 2679 2590 2717 ⁴

394 2789 622 2845 tantae
666 2779 1043 2845 festivitatis
1080 2780 1354 2845 laetari:
1401 2792 1476 2846 ut
1506 2781 1685 2865 apud
1732 2782 2244 2848 misericordiam
2289 2794 2474 2849 tuam
2522 2794 2592 2850 et

395 2883 721 2968 exemplis
753 2904 979 2949 eorum
1000 2885 1028 2924 ⁶
1055 2894 1124 2949 et
1153 2884 1406 2948 meritis
1435 2885 1839 2950 adiuvemur.
1928 2887 2069 2952 Per.
2100 2914 2142 2969 y

480 3003 935 3088 [Quaesumus
953 2999 1030 3092 ⁶],
1075 3005 1503 3090 omnipotens
1557 3006 1764 3082 Deus»,
1810 3018 1885 3072 ut
1930 3008 2140 3071 sancti
2184 3028 2308 3072 nos
2363 3008 2588 3073 Iacobi

389 3106 702 3175 laetificet
723 3128 802 3173 ac
829 3108 1117 3193 Philippi
1141 3109 1373 3174 festiva
1393 3107 1781 3175 solemnitas
1804 3135 1818 3174 ε
1868 3120 1935 3175 et
1956 3131 2238 3193 quorum
2261 3111 2589 3196 suffragiis

389 3213 664 3278 nitimur
688 3211 1002 3278 natalitiis
1029 3211 1400 3296 gloriemur.
1493 3212 1634 3276 Per.

1344 3388 1640 3446 secreta.

479 3502 778 3586 Respice,
804 3503 1110 3581 Domine,
1134 3522 1409 3566 munera
1435 3523 1608 3586 quae
1636 3503 1705 3566 in
1728 3513 2104 3569 sanctorum
2136 3505 2586 3590 apostolorum
2638 3520 2791 3571 Leon.
2818 3521 2929 3585 298.

392 3615 658 3671 tuorum
697 3605 981 3692 Philippi
1022 3616 1090 3672 et
1136 3605 1364 3671 Iacobi
1406 3609 2038 3673 commemoratione
2074 3608 2467 3689 deferimus;
2513 3621 2588 3675 ut

390 3730 674 3794 quorum
704 3709 954 3776 honore
989 3719 1144 3776 sunt
1184 3720 1377 3794 grata
1419 3731 1649 3776 eorum
1690 3711 1883 3778 nobis
1922 3712 2082 3778 fiant
2121 3714 2589 3780 intercessione

389 3826 726 3898 perpetua.
816 3815 956 3880 Per.
1842 3803 1847 3808 ’

1313 3907 1671 3966 Praemtio.

476 4020 630 4087 VD.
675 4021 851 4105 Quia
895 4021 993 4087 tui
1038 4019 1182 4086 est⁷
1229 4023 1448 4105 operis
1492 4031 1780 4107 tuaeque
1820 4023 2084 4090 virtutis
2128 4033 2204 4090 ut
2238 4025 2588 4090 beatorum
2638 4037 2699 4086 R.
2724 4036 2775 4086 S.

393 4125 846 4208 apostolorum
884 4126 1110 4192 Iacobi
1147 4134 1218 4190 et
1259 4125 1546 4209 Philippi
1581 4127 1875 4209 gloriosa
1916 4128 2241 4193 confessio
2282 4148 2490 4213 usque
2520 4131 2587 4195 in
2636 4102 2790 4217 {35¹ss
2820 4115 2926 4153 ¹¹⁰·

393 4229 592 4293 finem
653 4228 894 4294 saeculi
961 4229 1152 4295 nobis
1209 4228 1474 4313 capiat⁸
1532 4232 1717 4315 regni
1775 4231 2073 4298 caelestis
2132 4243 2585 4316 augmentum.
2640 4232 2839 4298 (Amb.)

393 4331 519 4398 Per
549 4332 906 4398 Christum.
2638 4308 2753 4363 ³⁷⁰⁶

241 4423 363 4478 645
1233 4428 1735 4486 Poeteommun.

477 4540 836 4606 Beatorum
900 4541 1374 4624 apostolorum,
1436 4542 1745 4620 Domine,
1803 4563 2217 4628 quaesumuS,
2274 4547 2585 4611 interces-
2634 4559 2791 4610 Leon.
2816 4561 2928 4621 338.

391 4645 577 4709 sione
606 4663 729 4709 nos
758 4645 1016 4724 adiuva,
1045 4667 1169 4730 pro
1197 4666 1480 4730 quorum
1519 4647 1941 4713 solemnitate
1980 4651 2438 4733 percepimuso
2469 4659 2587 4716 tua
2635 4625 2775 4675 Pam.
2803 4627 2913 4674 288·

391 4757 620 4814 sancta
639 4746 692 4788 ¹⁰
723 4747 1062 4814 laetantes.
1154 4749 1294 4814 Per.
