3342 5392
347 1177 500 1257 Gerb.
527 1204 639 1269 248.

345 1775 497 1855 Gerb.
525 1805 636 1870 248.

344 2275 494 2355 Gcrb.
524 2304 634 2368 248.

343 2970 496 3051 Gerb.
527 2998 640 3065 248.

343 3568 406 3617 R.

343 3633 495 3684 Gerb.
522 3632 633 3696 ²48·

339 4036 490 4151 gerb.
516 4102 624 4163 ²48·

338 4165 477 4215 xlviii
488 4166 649 4231 infra.

337 4232 445 4280 xlix
465 4232 625 4296 infra.

341 4532 493 4648 gerb.
524 4601 633 4667 248.

705 426 792 493 34
1279 415 1534 473 LIBER
1575 416 1681 471 SA
1690 412 2349 471 CRAMENTORUM
2677 414 2742 481 [1.
2770 414 2919 466 xxvi.

1671 682 1933 741 XXVI.

1444 828 1739 895 Tam-m
1781 829 2193 895 Domch.

1061 982 1244 1063 Quae
1255 994 1384 1068 pro
1410 983 1755 1051 scrutiniis
1780 982 2118 1049 electorum
2144 982 2500 1049 celebratur
2514 980 2563 1049 ¹.

793 1136 918 1215 Da,
977 1159 1396 1223 quaesumus,
1456 1139 1765 1217 Domine,
1824 1138 2051 1205 electis
2111 1139 2351 1203 nostris
2409 1134 2651 1221 digne²
2708 1146 2913 1222 atque

705 1242 1037 1325 sapienter
1064 1244 1152 1307 ad
1185 1244 1664 1309 confessionem
1698 1254 1854 1310 tuae
1882 1242 2101 1307 laudis
2128 1243 2463 1321 accedere,
2492 1252 2567 1306 ut
2597 1240 2910 1325 dignitati

705 1344 1020 1428 pristinae
1075 1367 1280 1431 quam
1350 1346 1652 1431 originali
1712 1346 2232 1430 transgressione
2292 1346 2734 1430 perdiderant,
2790 1366 2913 1430 per

707 1458 893 1514 tuam
933 1452 1220 1535 gratiam
1247 1450 1715 1517 reformentur.
1802 1451 1947 1515 Per.

1657 1622 1954 1680 Secreta.

793 1731 1139 1799 Miseratio
1199 1742 1336 1813 tua,
1402 1732 1611 1813 Deus,
1668 1734 1757 1799 ad
1816 1733 1982 1799 haec
2048 1732 2471 1817 percipienda
2517 1763 2543 1789 ι
2590 1732 2909 1817 mysteria
2938 1742 3065 1799 522

702 1835 984 1901 famulos
1037 1847 1192 1904 tuos
1243 1857 1661 1922 quaesumus,
1710 1848 1778 1903 et
1827 1838 2211 1921 praeveniat
2234 1834 2262 1875 ⁸
2310 1847 2783 1922 competenter,
2840 1846 2909 1902 et

702 1940 946 2005 devota
974 1942 1476 2007 conversatione
1505 1942 1843 2026 perducat.
1934 1942 2077 2006 Per.

1308 2110 1505 2169 Iun-a
1545 2112 1905 2184 canonem,
1941 2110 2065 2168 nbi
2106 2110 2280 2168 dicit.
2296 2101 2326 2141 ⁴

789 2222 1154 2303 MementO,
1205 2224 1516 2305 Domine,
1567 2223 1984 2303 famulorum,
2030 2221 2561 2306 famularumque
2618 2231 2906 2300 tuarum,

702 2326 817 2410 qui
861 2326 1109 2392 electos
1153 2336 1306 2394 tuos
1349 2328 1715 2412 suscepturi
1758 2337 1916 2393 sunt
1957 2326 2045 2391 ad
2090 2336 2385 2391 sanctam
2423 2327 2703 2410 gratiam
2742 2326 2907 2409 bap-

702 2430 882 2494 tismi
927 2430 1064 2496 tui:
1109 2440 1177 2495 et
1212 2432 1514 2498 omnium
1556 2430 2216 2497 circumadstantium
2238 2429 2282 2494 ⁶.
2372 2430 2478 2495 Et
2529 2439 2717 2495 taces.
2804 2430 2913 2493 Et

702 2532 1065 2598 recitantur
1085 2533 1112 2574 ⁸
1139 2534 1410 2600 nomina
1437 2536 1740 2601 virorum
1768 2532 1875 2601 et⁷
1904 2534 2269 2612 mulierum,
2292 2536 2411 2617 qui
2434 2536 2600 2617 ipsos
2620 2534 2913 2619 infantes

701 2637 1062 2720 suscepturi
1085 2647 1264 2705 sunt.
1334 2639 1443 2703 Et
1469 2641 1690 2705 intras
1718 2639 2023 2724 Quorum
2053 2637 2175 2703 tibi
2206 2637 2373 2703 fides
2402 2640 2690 2723 cognita.

1386 2810 1565 2868 Item
1605 2808 1790 2867 insta
1831 2808 2169 2866 actionem
2190 2799 2239 2865 ⁸.

797 2917 994 2985 Hanc
1037 2920 1240 3005 igitur
1281 2920 1714 3003 oblationem,
1763 2922 2071 3001 Domine,
2103 2931 2179 2987 ut
2221 2920 2548 3005 propitius
2590 2920 2911 3005 suscipias

704 3022 1177 3106 deprecamur:
1222 3044 1425 3107 quam
1466 3026 1588 3091 tibi
1627 3026 1969 3092 offerimus
1996 3046 2119 3108 pro
2148 3024 2409 3091 famulis
2439 3035 2505 3090 et
2533 3024 2912 3090 famulabus

704 3126 856 3205 tuiS,
909 3146 1080 3209 quos
1137 3128 1225 3192 ad
1245 3127 1271 3166 ⁹
1329 3139 1672 3195 aeternam
1720 3130 1931 3195 vitam
1992 3139 2060 3193 et
2107 3129 2381 3193 beatum
2436 3128 2692 3212 gratiae
2749 3136 2909 3195 tuae

703 3230 960 3295 donum
1000 3250 1342 3297 numerare
1361 3230 1436 3311 ¹⁰,
1467 3232 1711 3317 eligere
1745 3242 1947 3317 atque
1973 3252 2211 3297 vocare
2248 3232 2560 3317 dignatus
2598 3253 2693 3299 es.
2784 3232 2911 3297 Per

705 3333 1042 3399 Christum
1062 3333 1137 3398 ¹¹.

787 3438 896 3501 Et
957 3440 1316 3505 recitantur
1385 3442 1652 3505 nomina
1723 3440 2079 3506 electorum.
2166 3442 2531 3522 Postquam
2592 3438 2912 3504 recensita

683 3543 972 3625 suerint,
1029 3540 1254 3607 dicis-¹²
1369 3544 1538 3624 Hos,
1607 3544 1917 3625 Domine,
1982 3544 2167 3609 fonte
2240 3544 2641 3628 baptismate
2714 3542 2907 3607 inno-

701 3647 975 3721 vandos,
1039 3646 1327 3731 Spiritus
1390 3648 1488 3713 tui
1545 3668 1819 3713 munere
1869 3648 1957 3712 ad
2017 3655 2580 3714 sacramentorum
2638 3654 2909 3711 tuorum

702 3749 1185 3833 plenitudinem
1209 3748 1261 3789 ¹³
1291 3752 1629 3833 poscimus
1662 3752 2055 3835 praeparari.
2146 3751 2271 3814 Per
2286 3747 2363 3815 ²⁴.

1552 3921 2057 3980 Postcommun.

789 4030 1068 4113 Adesto,
1115 4034 1422 4115 Domine,
1451 4054 1876 4119 quaesumus,
1917 4034 2394 4117 redemptionis
2436 4032 2800 4112 effectibuS‚
2832 4043 2911 4099 ut

701 4154 868 4217 quos
926 4138 1355 4203 sacramentis
1416 4137 1832 4204 aeternitatis
1891 4138 2201 4217 instituiS,
2260 4137 2529 4203 eosdem
2590 4148 2911 4221 protegas

702 4237 1053 4321 dignanter
1081 4242 1410 4326 aptandos
1429 4241 1502 4306 ¹⁵.
1593 4241 1733 4307 Per.

1540 4410 1652 4467 Ad
1696 4412 2053 4481 :Populum

794 4520 1218 4605 Suppliciter,
1260 4526 1567 4605 Domine,
1616 4545 1805 4590 sacra
1856 4523 2104 4590 familia
2149 4545 2389 4591 munus
2438 4532 2595 4588 tuae
2639 4522 2909 4587 misera-

702 4622 904 4688 tionis
949 4636 1304 4710 expectat3
1358 4629 1662 4704 concede,
1712 4649 2130 4711 quaesumuS,
2178 4638 2254 4693 ut
2299 4628 2478 4712 quod
2526 4637 2594 4693 te
2638 4627 2909 4693 iubente

704 4725 1054 4807 desiderat,
1084 4740 1153 4795 te
1185 4729 1503 4813 largiente
1531 4733 1869 4816 percipiat.
1960 4733 2103 4797 Per.
