3342 5392
695 406 824 492 328
1565 417 2024 474 APPENDJX.

898 577 1134 640 Praesta
1175 581 1346 641 nobis
1387 598 1468 640 m.
1509 579 1584 639 D.
1619 591 1689 640 ut
1728 582 2119 660 placationem

897 677 1198 740 Ecclesiae
1237 690 1372 739 tuae
1415 679 1566 740 Dne.
1599 697 1847 742 munera
1884 681 2147 759 placatus

897 775 1038 838 VD.
1077 777 1448 838 Maiestatem
1487 789 1648 840 tuam
1690 779 2087 858 supplicantes

899 877 1130 936 Refecti
1171 875 1324 939 Dne.
1371 896 1524 956 pane
1565 879 1801 940 caelesti

330 1010 488 1064 Geth.
895 973 1202 1036 Familiam
1243 985 1406 1036 tuam
1445 994 1505 1053 q.
1545 978 1895 1056 propitiatus

329 1093 416 1142 PP·
439 1092 520 1143 44*
540 1091 620 1142 ⁴5·
1358 1091 1536 1152 Fer-ia
1577 1094 1632 1154 ii
1663 1094 1750 1152 ad
1783 1091 1851 1154 S.
1896 1091 2241 1152 Clementem.

893 1195 1134 1258 Praesta
1171 1217 1231 1277 q.
1274 1216 1328 1259 0.
1375 1197 1452 1258 D.
1491 1209 1558 1260 ut
1597 1199 1813 1260 familia
1854 1211 1957 1260 tua

891 1294 1044 1358 Tuis
1083 1316 1139 1375 q.
1186 1295 1340 1356 Dne.
1383 1297 1584 1358 adesto
1623 1298 1986 1376 supplicibus
2024 1307 2085 1358 et
2125 1297 2275 1358 inter

893 1393 1066 1454 Haec
1105 1395 1294 1454 hostia
1333 1395 1486 1456 Dne.
1526 1395 1871 1474 placationis
1908 1405 1969 1456 et
2004 1394 2195 1457 laudis

893 1491 1174 1570 Percepta
1217 1491 1366 1554 Dne.
1409 1505 1612 1556 sancta
1651 1513 1765 1555 nos
1804 1495 2077 1555 adiuvent

890 1591 1182 1669 Populum
1225 1604 1390 1650 tuum
1432 1591 1586 1653 Dne.
1627 1611 1687 1670 q.
1728 1593 1805 1654 ad
1844 1605 1903 1654 te
1944 1603 2069 1653 toto
2110 1592 2291 1654 corde

330 1657 640 1727 (hm-12⁴⁵·
1363 1706 1545 1768 Feria
1585 1710 1662 1768 iii
1685 1709 1770 1767 ad
1804 1707 1871 1768 S.
1912 1707 2241 1768 Balbinum·

893 1811 1115 1874 Perfice
1157 1833 1214 1892 q.
1253 1813 1408 1874 Dne.
1453 1815 1743 1892 benignus
1780 1815 1845 1874 in
1884 1817 2057 1876 nobis

891 1909 1058 1972 Deus
1097 1913 1199 1992 qui
1241 1914 1322 1973 ob
1363 1913 1692 1973 animarum
1731 1913 2027 1974 medelam

893 2008 1422 2072 Sanctificationem
1463 2013 1636 2074 nobis
1677 2011 1833 2074 Dne.
1872 2014 1963 2073 his
2004 2013 2290 2092 mysteriis

903 2108 1158 2170 Delicias
1199 2109 1354 2170 Dne.
1396 2107 1747 2194 [mirabiles]
1788 2130 2029 2172 mensae

889 2209 990 2270 Da
1026 2228 1087 2289 q.
1126 2207 1282 2270 Dne.
1323 2209 1594 2269 fidelibus
1635 2211 1750 2270 tuis
1790 2221 1849 2270 et
1890 2211 2015 2272 sine
2054 2211 2381 2272 cessatione

325 2320 476 2372 Gerb.
494 2338 542 2388 p.
555 2317 637 2386 46.
1346 2323 1532 2385 Feria
1570 2325 1630 2385 iv
1669 2326 1752 2386 ad
1786 2323 1853 2386 S.
1900 2325 2221 2388 Caeciliam.

891 2433 1057 2494 Deus
1097 2431 1200 2511 qui
1241 2451 1347 2510 per
1386 2429 1650 2492 Verbum
1694 2442 1858 2491 tuum
1898 2431 2139 2492 humani

887 2531 1130 2594 Praesta
1169 2531 1346 2592 nobis
1385 2529 1540 2590 Dne.
1578 2530 1863 2590 auxilium
1902 2531 2119 2609 gratiae

887 2630 1134 2690 Hostias
1174 2628 1328 2690 Dne.
1369 2646 1518 2706 quas
1559 2629 1663 2688 tibi
1706 2629 2007 2689 offerimus
2046 2627 2335 2708 propitius

888 2727 1094 2788 Gratia
1133 2738 1233 2788 tua
1273 2745 1386 2787 nos
1427 2725 1581 2787 Dne.
1622 2746 1684 2806 q.
1726 2744 1851 2787 non
1896 2727 2185 2806 relinquat

887 2826 1178 2906 Populum
1219 2837 1384 2885 tuum
1428 2825 1580 2885 Dne.
1620 2826 1907 2904 propitius
1947 2825 2171 2902 respice
2212 2835 2270 2885 et
2312 2841 2461 2902 quos

321 2957 474 3010 Gerb.
491 2973 538 3022 p.
552 2967 632 3021 47.
1128 2949 1312 3010 Feria
1353 2969 1390 3009 v
1431 2951 1513 3008 ad
1546 2947 1611 3009 S.
1657 2948 1926 3008 Mariam
1964 2957 2132 3010 trans
2178 2949 2441 3009 Tiberim.

885 3057 1216 3118 Ecclesiam
1255 3067 1418 3116 tuam
1459 3055 1612 3116 Dne.
1653 3067 1939 3134 perpetua

888 3156 1118 3216 Adiuva
1159 3173 1271 3216 nos
1312 3154 1388 3214 D.
1430 3155 1698 3215 salutaris
1736 3167 1941 3216 noster

885 3254 1150 3332 Accepta
1193 3253 1294 3312 tibi
1337 3254 1454 3313 sint
1492 3252 1650 3312 Dne.
1690 3271 1749 3332 q.
1790 3253 1974 3314 nostri
2014 3253 2173 3314 dona
2214 3253 2409 3314 ieiunii

849 3352 1266 3414 *Praeveniant
1305 3351 1478 3411 nobis
1522 3349 1677 3411 Dne.
1718 3371 1779 3430 q.
1821 3353 2017 3412 divina
2058 3363 2157 3413 tua
2196 3363 2403 3413 sancta

847 3450 1107 3511 *Adesto
1145 3448 1302 3512 Dne.
1349 3449 1578 3510 famulis
1619 3450 1733 3510 tuis
1771 3460 1830 3511 et
1868 3468 2047 3528 opem

319 3589 470 3640 Gerb.
898 3575 1081 3636 Fm'a
1121 3577 1190 3635 vi
1222 3576 1306 3634 ad
1339 3573 1404 3635 S.
1448 3574 1679 3634 Vitalem
1712 3573 1811 3656 (R.
1837 3573 1985 3634 adds
2010 3573 2137 3632 Hic
2155 3574 2328 3654 sacis
2366 3572 2687 3656 scrutthio).

317 3670 405 3722 PP·
427 3668 508 3721 47’
527 3658 608 3720 4⁸·
885 3682 983 3743 Da
1019 3701 1076 3760 q.
1117 3702 1174 3742 0.
1214 3682 1292 3742 D.
1333 3691 1397 3743 ut
1436 3699 1603 3741 sacro
1645 3698 1757 3741 nos
1796 3679 2133 3758 purificante

888 3781 986 3842 Ad
1025 3782 1224 3844 hostes
1267 3791 1500 3842 nostros
1539 3779 1699 3840 Dne.
1738 3779 2101 3858 superandos

889 3881 1059 3941 Haec
1097 3881 1160 3939 in
1200 3881 1372 3941 nobis
1413 3863 1693 3939 sacrificia
1732 3876 1810 3937 D.
1852 3887 1911 3939 et
1950 3879 2179 3940 actione

886 3978 1006 4039 Fac
1047 3997 1158 4040 nos
1199 3977 1355 4038 Dne.
1397 3997 1456 4056 q.
1500 3986 1747 4055 accepto
1786 3977 2033 4055 pignore

885 4075 984 4137 Da
1023 4096 1082 4155 q.
1123 4075 1277 4137 Dne.
1319 4075 1543 4155 populo
1584 4084 1689 4136 tuo
1730 4075 1977 4135 salutem

317 4239 466 4288 Geth,
484 4254 530 4304 p,
548 4239 626 4302 48,
1107 4208 1349 4271 Sabbata
1389 4209 1474 4268 ad
1506 4206 1622 4269 SS.
1663 4206 2077 4268 Marcellinum
2109 4217 2162 4268 et
2200 4207 2451 4268 Petrum.

881 4323 980 4385 Da
1019 4343 1080 4404 q.
1123 4325 1276 4385 Dne.
1318 4325 1536 4385 nostris
1577 4323 1856 4384 effectum

843 4422 1140 4484 *subveni
1181 4422 1334 4484 Dne.
1377 4423 1554 4483 servis
1593 4423 1708 4482 tuis
1748 4440 1861 4500 pro
1900 4439 2008 4482 sua

888 4523 1004 4582 His
1045 4521 1340 4582 sacrificiis
1381 4519 1536 4580 Dne.
1579 4521 1839 4582 concede
1878 4521 2143 4598 placatus

887 4621 1246 4681 Sacramenti
1287 4620 1372 4679 tui
1415 4620 1572 4679 Dne.
1613 4619 1811 4679 divina
1850 4619 2051 4680 libatio

847 4719 1272 4798 *Implorantes
1313 4717 1466 4779 Dne.
1508 4717 1966 4779 misericordiam
2008 4717 2204 4778 fideles
