3342 5392
711 432 839 496 270
1269 425 1526 480 LIBER
1567 423 2341 481 SACRAMENTORUM
2668 425 2793 491 [111.
2814 427 2902 476 liv.

707 588 892 672 prole
923 589 1246 672 benignus
1277 591 1565 668 exaudi;
1611 599 1685 654 ut
1722 589 2211 654 firmamentum
2252 591 2417 674 spei,
2454 591 2637 672 quod
2678 591 2743 652 in
2782 599 2905 653 tua

709 693 1155 758 misericordia
1185 695 1424 776 posuit,
1455 695 1514 758 ei
1537 691 1562 729 ²
1592 715 1681 758 ex
1712 703 2025 777 percepto
2044 693 2071 731 ³
2101 714 2371 760 munere
2398 696 2580 778 quod
2606 694 2905 779 postulat

705 797 1150 862 confirmetur.
1240 799 1380 862 Per.

796 918 1000 994 DeuS,
1031 919 1145 1001 qui
1177 920 1606 1003 opprobrium
1635 919 1995 984 sterilitatis
2024 939 2067 982 a
2098 918 2351 984 Rachel
2388 918 2709 998 auferenS,
2737 920 2903 983 dum

708 1023 1049 1088 anxietate
1113 1023 1367 1105 prolem
1443 1032 1788 1106 quaereret
1850 1024 2088 1088 meruit
2145 1023 2494 1088 fecundare
2512 1021 2559 1098 ⁴,
2610 1023 2901 1087 concede

707 1127 1051 1209 propitius,
1097 1136 1172 1191 ut
1216 1127 1462 1191 famula
1505 1138 1624 1192 tua
1665 1126 1801 1191 Illa
1856 1128 1921 1190 in
1968 1147 2195 1192 earum
2240 1126 2677 1192 feminarum⁵
2728 1146 2903 1208 quae

707 1231 830 1293 tibi
872 1230 1262 1315 placuerunt
1305 1241 1552 1296 sortem
1597 1231 2018 1296 fecunditatis
2058 1231 2358 1314 accipiat,
2394 1240 2462 1296 et
2505 1232 2685 1316 quod
2732 1229 2897 1296 fide-

707 1334 858 1398 liter
885 1355 926 1399 a
957 1344 1072 1400 tua
1103 1335 1352 1418 pietate
1381 1335 1686 1417 deposcit
1718 1335 2036 1400 obtineat.
2127 1336 2268 1400 Per.

795 1454 1238 1539 Omnipotens
1269 1455 1672 1538 sempiterne
1706 1456 1908 1532 Deus,
1936 1456 2051 1540 qui
2093 1456 2476 1522 continuum
2514 1457 2714 1522 etiam
2746 1467 2899 1538 post

709 1555 1041 1622 futuram⁶
1075 1559 1161 1623 ad
1212 1567 1280 1623 te
1328 1580 1590 1643 precem
1627 1561 1953 1642 gemitum
1986 1560 2244 1638 Annae,
2275 1562 2437 1624 dum
2484 1581 2633 1624 eam
2678 1560 2899 1624 fecun-

705 1663 916 1738 dareS,
975 1662 1042 1726 in
1103 1663 1420 1746 gaudium
1481 1662 1881 1741 convertisti,
1939 1663 2339 1729 desiderium
2400 1662 2687 1728 famulae
2744 1673 2903 1728 tuae

705 1765 919 1843 Illius,
950 1776 1025 1831 ut
1055 1765 1456 1843 fecundetur,
1487 1766 1815 1849 propitius
1846 1766 2107 1850 perfice,
2137 1776 2203 1831 et
2233 1769 2321 1832 ad
2358 1767 2621 1832 laudem
2653 1767 2903 1850 gloriae

707 1879 862 1934 tuae
891 1871 979 1935 ab
1007 1890 1089 1934 ea
1118 1870 1546 1955 opprobrium
1579 1869 1945 1935 sterilitatis
1976 1872 2302 1954 benignus
2329 1881 2569 1936 averte.
2661 1873 2801 1936 Per.

795 1990 998 2069 DeuS,
1021 1991 1205 2056 cuius
1228 1991 1487 2056 occulto
1510 1990 1788 2056 consilio
1812 1991 1963 2056 ideo
1990 1991 2383 2056 Helisabeth
2412 1991 2652 2058 sterilis
2676 2001 2901 2056 uterus

706 2094 955 2172 extitit,
1009 2104 1084 2158 ut
1134 2096 1534 2178 quandoque
1587 2095 1887 2178 angelica
1938 2097 2161 2178 potius
2202 2116 2367 2160 voce
2420 2095 2897 2174 fecundaretur,

705 2201 994 2265 concede
1025 2200 1352 2282 propitius
1393 2208 1470 2263 ut
1514 2200 1686 2266 sicut
1722 2198 1833 2264 illa
1880 2200 1945 2262 in
2000 2200 2268 2266 Iudaico
2312 2200 2565 2282 populo
2596 2219 2897 2282 praecur-

707 2323 924 2367 sorem
972 2302 1264 2379 Domini,
1297 2305 1390 2366 ita
1424 2303 1670 2369 famula
1712 2314 1825 2367 tua
1861 2303 1995 2367 Illa
2036 2304 2101 2368 in
2141 2303 2294 2382 filio,
2334 2305 2447 2386 qui
2490 2304 2576 2368 ad
2616 2305 2895 2369 creduli-

705 2417 916 2472 tatem
946 2406 1069 2471 tibi
1100 2407 1295 2471 huius
1327 2406 1558 2490 populi
1595 2426 1759 2489 pure
1789 2407 2135 2484 deserviat,
2163 2408 2573 2472 fecundetur.
2666 2408 2804 2471 Per.

344 2539 636 2606 Leonam.
794 2526 1000 2606 Deus,
1058 2527 1174 2608 qui
1239 2524 1624 2591 anxietate⁷
1687 2526 2006 2591 sterilium
2066 2528 2177 2610 pie
2246 2527 2618 2610 respicienS,
2677 2527 2743 2592 in
2803 2530 2899 2591 eis

705 2630 1175 2696 fecunditatem
1207 2631 1408 2696 etiam
1439 2632 1507 2694 in
1539 2651 1658 2694 sua
1690 2631 2149 2716 desperatione
2182 2632 2565 2697 mirabiliter
2591 2633 2899 2714 operariS,

705 2736 995 2800 concede
1025 2734 1352 2818 propitius
1384 2744 1458 2799 ut
1487 2734 1737 2800 famula
1776 2743 1893 2800 tua
1922 2735 2034 2799 illa
2073 2735 2160 2799 de
2199 2735 2622 2819 percipienda
2650 2736 2899 2810 sobole,

703 2839 886 2922 quod
917 2859 1035 2921 per
1063 2859 1136 2902 se
1161 2859 1294 2903 non
1315 2838 1513 2918 valet,
1535 2868 1558 2894 ο
1591 2839 1758 2903 servi
1791 2841 1887 2904 tui
1914 2837 2217 2923 Gregorii
2242 2850 2572 2904 mereatur
2594 2839 2901 2922 precibus
2934 2857 3063 2914 726

705 2942 1020 3007 obtinere.
1114 2943 1252 3006 Per.

347 3071 510 3121 Leosr.
533 3083 643 3135 229·
793 3063 1242 3146 Omnipotens
1293 3064 1694 3146 sempiterne
1742 3064 1945 3142 Deus,
1996 3064 2111 3148 qui
2164 3074 2534 3130 maternum
2588 3065 2900 3130 affectum

705 3188 829 3232 nec
858 3169 926 3232 in
956 3169 1100 3250 ipsa
1128 3188 1313 3232 sacra
1343 3187 1604 3249 semper
1631 3168 1883 3252 virgine
1914 3168 2146 3245 Maria,
2179 3189 2351 3251 quae
2376 3169 2897 3252 Redemptorem

705 3280 1008 3336 nostrum
1054 3272 1306 3356 genuit,
1355 3273 1719 3353 denegasti,
1770 3273 2063 3337 concede
2109 3273 2435 3356 propitius
2481 3280 2557 3335 ut
2602 3273 2899 3337 eiusdem

709 3375 840 3440 Dei
914 3375 1253 3459 genitricis
1310 3375 1614 3458 precibus
1637 3373 1664 3411 ⁸
1724 3375 1971 3440 famula
2038 3384 2152 3440 tua
2209 3374 2343 3439 Illa
2408 3397 2554 3440 esse
2610 3376 2899 3460 genitrix

710 3488 1051 3544 mereatur.
1145 3479 1286 3542 Per.

1657 3574 1951 3631 Secreta.

797 3686 1090 3770 Suscipe,
1144 3686 1448 3766 Domine,
1508 3707 1733 3769 preces
1792 3697 2052 3752 nostras
2098 3705 2249 3750 cum
2308 3686 2686 3750 muneribus
2743 3687 2900 3751 hos-

709 3791 968 3869 tiarum,
1011 3812 1178 3874 quas
1222 3811 1344 3874 pro
1379 3791 1630 3855 famula
1660 3801 1782 3855 tua
1824 3790 1957 3854 Illa
1988 3789 2376 3855 clementiae
2420 3801 2575 3855 tuae
2618 3790 2900 3873 supplici

711 3905 932 3960 mente
983 3893 1375 3970 deferimus3
1446 3904 1519 3959 ut
1579 3895 1739 3977 quia
1784 3894 2093 3959 affectum
2148 3892 2431 3959 filiorum
2484 3896 2781 3958 maxime
2832 3895 2901 3958 in

709 4009 996 4064 matrum
1055 3998 1411 4064 visceribus
1472 3999 1785 4076 indidisti,
1840 4017 2201 4062 maerorem
2264 3998 2750 4063 infecunditatis
2810 4000 2901 4063 ab

711 4123 792 4168 ea
832 4104 1248 4181 submoveas,
1277 4112 1346 4167 et
1385 4103 1472 4167 ad
1513 4102 2014 4185 concipiendam
2052 4100 2348 4165 sobolem
2394 4102 2904 4166 misericorditer

713 4207 1081 4272 benedicas.
1171 4207 1312 4272 Per.

1513 4309 1705 4366 Intra
1746 4309 2101 4366 actionem.

799 4424 995 4489 Hanc
1027 4423 1227 4506 igitur
1256 4421 1656 4487 oblationem
1700 4423 2033 4486 servitutis
2062 4432 2337 4496 nostrae,
2372 4422 2489 4485 sed
2524 4431 2592 4486 et
2621 4431 2901 4488 cunctae

711 4527 998 4592 familiae
1039 4523 1254 4614 [tuae]
1275 4526 1319 4602 ⁹,
1347 4547 1548 4610 quam
1589 4527 1713 4592 tibi
1750 4527 2089 4592 offerimus
2132 4547 2253 4608 pro
2296 4525 2543 4591 famula
2586 4535 2705 4590 tua
2747 4525 2902 4601 Illa,

709 4651 1129 4713 quaesumuS,
1163 4632 1470 4710 Domine,
1499 4641 1572 4694 ut
1601 4632 1903 4712 placatus
1948 4631 2299 4714 suscipias:
2346 4649 2466 4712 pro
2502 4649 2634 4711 qua
2666 4631 2902 4694 maies-

709 4734 835 4797 tati
895 4743 1045 4798 tuae
1105 4734 1434 4818 supplices
1493 4734 1826 4800 fundimus
1886 4755 2132 4816 preceS,
2193 4744 2267 4798 ut
2334 4733 2699 4799 orationem
2758 4734 2903 4798 eius

3294 447 3337 494 ἑ
3317 148 3335 362 σ--ῳ
3330 73 3334 118 b
