3342 5392
427 443 525 498 111.
549 442 680 509 κει]
1045 441 1471 502 ROMANAE
1513 441 2003 500 ECCLESJAE.
2494 448 2617 517 297

423 605 744 672 collocare
765 606 1057 690 digneris
1083 630 1101 684 ς
1146 617 1214 673 et
1242 606 1488 672 habeat
1509 617 1769 693 partem
1796 607 1863 671 in
1884 609 2099 690 prima
2131 608 2622 685 resurrectione,

426 720 496 775 et
525 709 696 776 inter
723 721 1070 794 surgentes
1105 721 1426 794 resurgat,
1455 721 1524 778 et
1559 713 1733 777 inter
1762 712 2193 796 suscipientes
2232 731 2513 794 corpora
2552 710 2620 774 in

423 814 534 878 die
569 815 1058 880 resurrectionis
1101 834 1344 900 corpus
1361 813 1416 854 ⁴⁹
1457 816 1793 899 suscipiat,
1828 826 1897 880 et
1936 835 2087 880 curn
2118 815 2487 880 benedictis
2529 816 2619 880 ad

422 917 774 982 dexteram
808 919 937 982 Dei
963 917 1178 982 Patris
1205 918 1619 984 venientibus
1641 919 1883 994 veniat,
1907 929 1975 984 et
2007 919 2179 985 inter
2206 920 2621 1003 possidentes

422 1020 629 1086 vitam
660 1030 997 1086 aeternam
1027 1021 1388 1105 possideat.
1480 1023 1603 1088 Per
1636 1023 2022 1088 Dominum.

509 1140 796 1226 Antiqui
841 1161 1170 1209 memores
1186 1142 1242 1181 ⁵⁰
1284 1142 1729 1228 chirographi,
1762 1143 1994 1209 fratres
2038 1142 2357 1209 carissimi
2380 1141 2453 1223 ⁶¹,
2482 1163 2618 1226 quo
2672 1156 2737 1206 R.

425 1245 622 1329 primi
665 1245 952 1311 hominis
980 1257 1256 1332 peccato
1285 1257 1355 1313 et
1385 1249 1791 1333 corruptioni
1816 1244 1869 1286 ⁶²
1899 1249 2168 1313 addicta
2198 1257 2301 1312 est
2325 1247 2619 1312 humana
2670 1223 2968 1338 gg?‘(};1i'

422 1350 736 1430 conditi0,
765 1351 891 1416 sub
935 1351 1120 1416 cuius
1159 1352 1308 1435 lege
1324 1350 1379 1391 55
1409 1352 1534 1416 sibi
1583 1352 2031 1435 unusquisque
2074 1352 2404 1429 formidat,
2434 1352 2618 1434 quod
2670 1367 2786 1419 953-

421 1453 568 1520 aliis
625 1456 941 1520 accidisse
985 1456 1208 1520 videat
1227 1455 1302 1536 ⁶⁴,
1360 1456 1841 1540 omnipotentis
1912 1456 2041 1521 Dei
2102 1457 2621 1522 misericordiam

423 1557 852 1642 deprecemur
902 1579 1026 1643 pro
1085 1560 1316 1642 spiritu
1339 1558 1394 1598 55
1445 1560 1577 1625 cari
1630 1558 1843 1626 nostri
1899 1559 2115 1636 Illius,
2174 1561 2363 1625 cuius
2420 1559 2623 1624 hodie

423 1660 755 1745 depositio
812 1662 1181 1729 celebratur
1202 1663 1276 1742 55,
1328 1672 1404 1728 ut
1445 1683 1598 1727 eum
1640 1664 1710 1727 in
1754 1663 2117 1728 aeternam
2141 1663 2435 1747 requiem
2478 1683 2621 1728 sus-

424 1765 647 1848 cipiat,
677 1772 746 1830 et
773 1766 971 1831 beata
1001 1766 1475 1832 resurrectione
1497 1765 1550 1807 ⁶⁷
1589 1775 2061 1850 repraesentet.
2151 1766 2293 1831 Per.

514 1887 719 1966 Deus,
749 1885 862 1969 qui
903 1887 1092 1951 iustis
1121 1885 1712 1971 supplicationibus
1742 1881 2059 1975 [semper]
2080 1885 2134 1926 55
2164 1896 2428 1971 praesto
2457 1906 2529 1951 es
2551 1885 2624 1966 55,
2676 1901 2739 1950 R.

425 1988 542 2072 qui
572 1989 682 2072 pia
709 2000 867 2054 vota
910 1990 1202 2074 dignaris
1247 1991 1500 2070 intueri,
1529 1992 1619 2055 da
1659 1991 1911 2055 famulo
1954 2001 2076 2056 tuo
2118 1991 2243 2058 Illi
2262 1990 2335 2070 55,
2363 1991 2548 2056 cuius
2567 1991 2621 2030 ⁶¹
2674 1967 2828 2084 ἐξ·
2834 1980 2972 2083 &fij

426 2093 867 2176 depositionis
909 2093 1109 2158 hodie
1127 2091 1182 2132 ⁸²
1216 2093 1434 2158 officia
1477 2095 1586 2178 pia
1608 2094 1666 2133 55
1696 2104 2133 2179 praestamus,
2176 2115 2331 2162 cum
2375 2097 2623 2161 sanctis
2674 2113 2791 2161 95²·

427 2207 630 2278 atque
661 2196 885 2263 electis
909 2195 965 2236 ⁰⁴
999 2198 1131 2264 tuis
1173 2198 1352 2263 beati
1398 2199 1685 2263 muneris
1727 2199 2125 2284 portionem.
2218 2199 2343 2266 Per
2386 2200 2622 2265 Domi·
2676 2163 2840 2215 Leofr
2860 2176 2970 2214 ’ω’

427 2319 610 2366 num.
652 2324 694 2382 γ

511 2419 646 2486 Dic
669 2417 1086 2512 cap[itulum]
1180 2425 1258 2488 In
1291 2425 1611 2491 memoria
1639 2433 1925 2492 aeterna.

623 2629 795 2695 Item
825 2630 1152 2696 orationes
1177 2641 1524 2714 antequam
1553 2630 1650 2696 ad
1668 2631 2027 2716 sepulcrum
2055 2629 2419 2714 deferatur.

514 2752 738 2818 Deum
769 2751 1054 2817 iudicem
1089 2752 1548 2827 universitatiS,
1580 2754 1803 2819 Deum
1844 2753 2225 2820 caelestium
2271 2763 2340 2819 et
2384 2765 2623 2820 terres·
2678 2761 2740 2811 R
2766 2771 2814 2810 Β

427 2857 625 2921 trium
657 2866 726 2922 et
756 2855 1153 2922 infernorum
1187 2857 1552 2923 Dominum
1578 2858 1651 2937 55,
1687 2859 2119 2942 deprecemur
2140 2857 2196 2897 55
2227 2878 2349 2941 pro
2389 2859 2623 2944 spiritu
2676 2827 2839 2942 ἓξὲξ
2856 2838 2973 2941 {22

426 2959 560 3024 cari
591 2960 796 3025 nostri
822 2959 1036 3039 Illius,
1066 2961 1163 3025 uti
1193 2980 1346 3024 eum
1379 2961 1713 3025 Dominus
1734 2960 1783 2999 ⁶⁷
1815 2961 1885 3026 in
1916 2963 2208 3047 requiem
2229 2959 2283 3001 55
2302 2963 2626 3028 collocare

427 3063 756 3146 dignetur,
787 3072 854 3127 et
886 3063 951 3127 in
981 3072 1170 3146 parte
1193 3061 1246 3102 55
1277 3065 1531 3147 primae
1561 3066 2051 3132 resurrectionis
2080 3067 2442 3133 resuscitet.
2501 3066 2627 3132 Per

432 3166 800 3230 Dominum
838 3177 1134 3232 nostrum
1152 3165 1227 3232 ⁷⁰.

517 3286 640 3362 Te,
703 3287 994 3352 Domine
1051 3297 1296 3366 sancte,
1356 3289 1554 3354 Pater
1602 3289 2044 3372 omnipotens,
2094 3299 2359 3358 aeterne
2421 3292 2625 3370 Deus,
2677 3307 2840 3358 Leofr.
2860 3321 2970 3358 201.

429 3389 761 3474 supplices
803 3391 1238 3475 deprecamur
1266 3411 1390 3476 pro
1423 3393 1658 3477 spiritu
1703 3393 1933 3458 famuli
1980 3396 2077 3458 tui
2094 3393 2150 3435 ⁷¹
2180 3394 2393 3471 Illius,
2423 3416 2625 3478 quem
2677 3373 2928 3504 gffiag‘gl

429 3495 518 3559 ab
547 3493 907 3578 originibus
951 3493 1144 3559 huius
1186 3496 1430 3562 saeculi
1471 3497 1557 3560 ad
1595 3507 1665 3562 te
1705 3498 1999 3562 arcessiri
2018 3495 2071 3538 ⁷²
2106 3499 2519 3582 praecepisti,
2550 3507 2627 3564 ut
2802 3477 2813 3488 ⁶
2936 3476 2949 3489 ’

430 3598 735 3683 digneriS,
767 3598 1074 3676 Domine,
1116 3600 1275 3664 dare
1318 3600 1379 3665 ei
1424 3600 1646 3665 locum
1692 3600 2001 3679 lucidum,
2048 3602 2265 3668 locum
2311 3601 2625 3687 refrigerii

429 3711 498 3767 et
538 3702 796 3783 quietis.
888 3703 1121 3767 Liceat
1161 3703 1221 3768 ei
1258 3705 1534 3770 transire
1583 3715 1813 3789 portas
1858 3705 2258 3770 infernorum
2306 3716 2375 3771 et
2414 3707 2555 3771 vias
2574 3703 2629 3744 ⁷⁸

8 3761 20 3995 ι
431 3805 872 3884 tenebrarum,
925 3817 1320 3891 maneatque
1373 3808 1440 3871 in
1491 3809 1943 3874 mansionibus
1994 3820 2392 3887 sanctorum,
2446 3821 2514 3875 et
2562 3810 2626 3874 in

429 3908 577 3975 luce
619 3921 866 3985 sancta,
897 3930 1099 3994 quam
1130 3912 1290 3976 olim
1323 3911 1643 3977 Abrahae
1671 3913 2035 3997 promisisti
2069 3925 2138 3979 et
2168 3913 2401 3978 semini
2442 3914 2624 3978 eius:

286 4025 403 4082 750
431 4008 680 4073 nullam
704 4009 1062 4074 laesionem
1087 4011 1410 4075 sustineat
1428 4012 1651 4075 anima
1666 4007 1723 4048 ⁷⁴
1746 4013 1904 4091 eius,
1922 4014 2042 4079 sed
2063 4034 2268 4096 quum
2296 4043 2318 4070 ι
2347 4033 2628 4096 magnus

430 4113 572 4178 dies
620 4113 730 4179 ille
753 4111 808 4151 ⁷⁶
861 4113 1348 4179 resurrectionis
1395 4134 1473 4179 ac
1525 4116 2071 4182 remunerationis
2117 4117 2477 4193 advenerit,
2528 4138 2628 4181 re-

429 4216 744 4282 suscitare
779 4236 933 4281 eum
952 4218 1256 4301 digneris,
1289 4218 1598 4298 Domine,
1628 4239 1762 4284 una
1791 4241 1943 4285 cum
1974 4221 2217 4287 sanctis
2240 4231 2308 4286 et
2328 4220 2554 4287 electis
2570 4219 2626 4260 ⁷⁰

13 4406 22 4415 Ι
431 4321 602 4385 tuis:
667 4320 876 4386 dones
935 4320 995 4386 ei
1017 4319 1067 4360 ⁷⁷
1129 4321 1370 4388 delicta
1427 4330 1629 4407 atque
1679 4335 1954 4409 peccata
2012 4345 2221 4409 usque
2272 4326 2359 4391 ad
2410 4325 2627 4391 novis-

10 4422 26 4513 }
431 4424 674 4488 simum
696 4421 748 4462 ⁷⁸
800 4426 1254 4509 quadrantem,
1300 4436 1654 4509 tecumque
1714 4429 2235 4494 immortalitatis
2292 4429 2500 4494 vitam
2558 4439 2627 4495 et

431 4547 708 4610 regnum
738 4538 1179 4612 consequatur
1205 4539 1567 4598 aeternum.
1657 4532 1781 4597 Per
1812 4533 2177 4598 Dominum
2208 4541 2528 4598 nostrum.

518 4648 1016 4733 omnipotentis
1066 4649 1198 4716 Dei
1251 4651 1782 4732 misericordiam,
1833 4653 2241 4720 dilectissimi
2293 4652 2527 4721 fratres
2549 4653 2626 4735 ⁷⁹,
2679 4660 2739 4709 R·
2766 4671 2814 4709 Β·

428 4752 952 4837 deprecemurffl’,
1002 4755 1186 4821 cuius
1229 4756 1472 4822 iudicio
1517 4767 1635 4824 aut
1684 4759 2015 4824 nascimur
2060 4769 2177 4825 aut
2222 4757 2511 4837 finimur,
2552 4769 2625 4826 ut
2677 4726 2845 4843 ἕξις),
2859 4737 2973 4842 ἓξὲξ
