3342 5392
1284 493 1747 552 APPENDJX.
2488 507 2571 574 32
2576 509 2615 575 3

665 698 900 783 [Eodem
931 703 1017 761 die
1049 700 1350 764 Conversio
1377 700 1442 763 S.
1473 701 1662 761 Paula
1681 702 1941 800 Apostoli
1961 704 2023 762 in
2048 702 2353 764 Damasco
2669 691 2821 748 Gerbz
2874 655 2881 666 ἱ

586 815 784 877 *Deus
825 819 924 897 qui
965 819 1298 878 universum
1337 818 1624 878 mundum
2669 779 2757 829 pp
2786 777 2865 827 ²4
2885 775 2965 828 ²5

625 916 893 992 Apostoli
932 919 1018 976 tui
1058 917 1224 978 Pauli
1265 917 1533 995 precibus

587 1012 756 1074 *VD.
800 1013 921 1088 Qui
962 1015 1265 1077 ecclesiam
1304 1027 1464 1076 tuam

627 1111 978 1174 Sanctificati
1019 1114 1170 1174 Dne.
1213 1115 1444 1175 salutari
1486 1110 1791 1196 mysterio]

849 1286 912 1372 [v
941 1289 1086 1351 Kal.
1115 1289 1250 1351 Feb.
1278 1291 1422 1352 Nat.
1453 1289 1515 1351 S.
1544 1291 1739 1366 Agmi-
1764 1291 1828 1349 de
1854 1291 2189 1351 Nativt'tatb.
2270 1291 2281 1302 '
2412 1247 2422 1254 -
2674 1295 2825 1344 Gerb.
2840 1310 2889 1359 p.
2904 1305 2981 1355 2⁵-

625 1403 790 1464 Deus
827 1407 929 1482 qui
971 1423 1082 1468 nos
1123 1425 1322 1466 annua
1359 1408 1418 1468 b.
1459 1408 1670 1484 Agnae

627 1502 851 1564 Adesto
892 1505 1064 1565 nobis
1104 1523 1160 1565 o.
1202 1503 1278 1566 D.
1322 1507 1380 1565 b.
1418 1507 1630 1582 Agnae
1672 1504 1819 1566 festa
1861 1493 2250 1583 repetentibus

628 1600 811 1662 Grata
851 1603 950 1662 tibi
991 1603 1107 1664 sint
1149 1623 1208 1682 q.
1249 1602 1401 1663 Dne.
1445 1621 1691 1665 munera

589 1697 760 1761 *VD.
801 1696 890 1759 Β.
912 1701 1100 1779 Agnis
1139 1703 1396 1763 natalitia

628 1798 918 1859 Adiuvent
959 1818 1069 1860 nos
1109 1799 1263 1861 Dne.
1305 1820 1364 1879 q.
1407 1811 1466 1860 et
1504 1801 1652 1861 haec
1691 1796 1999 1880 mysteria]

994 1981 1298 2044 Domz'm‘ca
1327 1983 1376 2042 I
1379 1984 1434 2043 V
1436 1992 1571 2062 post
1601 1984 1664 2043 T
1650 1986 2033 2062 heophaniam.
2678 1997 2833 2047 Gerb.

629 2095 794 2156 Deus
835 2099 936 2176 qui
976 2116 1088 2159 nos
1127 2099 1190 2159 in
1231 2101 1406 2159 tantis
2681 2079 2767 2128 ¹³¹²
2794 2073 2871 2124 ²⁵⁹
2898 2060 2974 2109 26.

631 2195 934 2255 Familiam
977 2207 1136 2257 tuam
1177 2198 1330 2258 Dne.
1373 2218 1432 2277 q.
1474 2199 1711 2259 dextera

630 2294 911 2355 Concede
953 2315 1010 2374 q.
1052 2316 1107 2356 o.
1151 2295 1229 2357 D.
1270 2309 1334 2358 ut
1374 2297 1546 2358 huius
1587 2297 1853 2358 sacrificii

593 2391 761 2451 *VD.
804 2392 926 2467 Qui
965 2413 1151 2473 genus
1190 2395 1512 2455 humanum

593 2491 879 2552 *Munera
920 2504 1020 2553 tua
1059 2512 1172 2554 nos
1212 2493 1290 2554 D.
1331 2513 1366 2554 a
1408 2495 1887 2556 delectationibus

630 2591 868 2670 Porrige
910 2593 1212 2654 dexteram
1251 2604 1416 2654 tuam
1457 2613 1515 2672 q.
1557 2593 1711 2654 Dne.
1753 2594 1911 2672 plebi

653 2761 716 2818 iv
743 2760 897 2821 Non.
926 2759 1060 2820 Feb.
1090 2760 1150 2821 S.
1187 2760 1475 2821 Sz'rneonelr.
1565 2761 1807 2823 Collecta
1834 2761 1917 2818 ad
1939 2741 2001 2819 S.
2034 2759 2379 2818 Adrianum.
2681 2780 2831 2829 Gerb.
2849 2795 2896 2843 p.
2914 2777 2991 2829 26,

630 2874 812 2936 Erudi
853 2895 912 2954 q.
953 2875 1104 2936 Dne.
1148 2878 1382 2955 plebem
1425 2888 1585 2938 tuam

935 3025 1043 3084 Ad
1063 3024 1331 3086 Missam.
1415 3025 1601 3086 Statio
1625 3027 1709 3085 ad
1731 3025 1798 3086 S.
1826 3025 2109 3085 Mariam.

632 3139 710 3200 O.
749 3158 797 3200 s.
839 3139 916 3202 D.
961 3143 1320 3203 maiestatem
1361 3153 1523 3202 tuam
1563 3142 1856 3220 supplices

631 3237 864 3298 Exaudi
904 3238 1058 3300 Dne.
1097 3258 1297 3317 preces
1338 3250 1567 3300 nostras
1605 3252 1664 3301 et
1705 3249 1770 3301 ut
1810 3223 1993 3316 digna

632 3335 768 3398 VD.
810 3336 969 3411 Quia
1009 3357 1117 3416 per
1155 3339 1434 3400 incarnati

633 3434 710 3509 Q.
753 3434 908 3496 Dne.
952 3436 1027 3496 D.
1069 3447 1269 3498 noster
1308 3447 1374 3498 ut
1415 3447 1791 3498 sacrosancta

818 3618 958 3679 Non
983 3615 1119 3677 Feb.
1149 3616 1294 3677 Nat.
1326 3613 1390 3676 S.
1421 3615 1685 3693 Agathae
1712 3613 1814 3696 (R.
1842 3613 1987 3675 adds
2031 3613 2237 3694 Ve‘rg.).
2684 3615 2837 3664 Gerb.
2850 3631 2898 3680 p.
2914 3614 2990 3664 26.

596 3732 1061 3811 *Indulgentiam
1102 3733 1274 3792 nobis
1314 3730 1467 3791 Dne.
1507 3732 1566 3793 b.
1611 3730 1845 3808 Agatha

633 3833 802 3892 Fiant
840 3831 996 3891 Dne.
1039 3841 1139 3890 tuo
1178 3840 1346 3908 grata
1389 3830 1733 3907 conspectui

632 3930 766 3991 VD.
809 3931 930 3991 Pro
971 3930 1134 3990 cuius
1173 3930 1412 3990 nomine
1453 3945 1779 4007 poenarum

631 4029 976 4091 Exultamus
1016 4029 1232 4108 pariter
1270 4038 1329 4088 et
1369 4029 1444 4088 de
1483 4039 1767 4106 percepto

1025 4203 1330 4264 Dominica
1371 4201 1427 4263 V
1429 4210 1563 4280 post
1591 4200 2020 4279 Dteopham‘am.
2688 4201 2839 4251 Gerb.

635 4319 942 4382 Familiam
983 4330 1142 4380 tuam
1184 4339 1242 4398 q.
1282 4317 1436 4379 Dne.
1477 4319 1759 4380 continua
2688 4282 2775 4332 pp
2805 4277 2883 4330 ²⁷»
2907 4266 2984 4315 28.

599 4419 710 4481 Δ).
749 4419 852 4498 qui
895 4418 1052 4480 solus
1093 4437 1159 4478 es
1199 4419 1391 4479 bonus

635 4517 878 4578 Hostias
918 4518 1022 4576 tibi
1064 4515 1216 4577 Dne.
1256 4515 1598 4595 placationis
1637 4515 1939 4576 offerimus

598 4614 766 4674 *VD.
807 4615 948 4676 Tibi
989 4615 1158 4676 istam
1199 4613 1607 4676 immolationis

636 4714 716 4789 Q.
758 4733 818 4776 0.
861 4713 938 4773 D.
981 4725 1046 4774 ut
1083 4713 1236 4774 illius
1277 4714 1545 4774 salutaris

635 4815 860 4874 Adesto
902 4813 1054 4874 Dne.
1093 4813 1328 4892 populis
1369 4813 1483 4873 tuis
1523 4814 1582 4871 in
1626 4821 1729 4871 tua

1477 4925 1524 4973 Y
1559 4929 1594 4976 2
