<?xml version="1.0" encoding="UTF-8"?>
<!DOCTYPE html PUBLIC "-//W3C//DTD XHTML 1.0 Transitional//EN"
    "http://www.w3.org/TR/xhtml1/DTD/xhtml1-transitional.dtd">
<html xmlns="http://www.w3.org/1999/xhtml" xml:lang="en" lang="en">
 <head>
  <title>
</title>
<meta http-equiv="Content-Type" content="text/html;charset=utf-8" />
  <meta name='ocr-system' content='tesseract 3.04.00' />
  <meta name='ocr-capabilities' content='ocr_page ocr_carea ocr_par ocr_line ocrx_word'/>
</head>
<body>
  <div class='ocr_page' id='page_1' title='image "./gelasiansacrame00gelagoog_0411.png"; bbox 0 0 3342 5392; ppageno 0'>
   <div class='ocr_carea' id='block_1_1' title="bbox 1278 417 1739 478">
    <p class='ocr_par' dir='ltr' id='par_1_1' title="bbox 1278 417 1739 478">
     <span class='ocr_line' id='line_1_1' title="bbox 1278 417 1739 478; baseline 0.009 -5"><span class='ocrx_word' id='word_1_1' title='bbox 1278 417 1739 478; x_wconf 84' lang='lat' dir='ltr'>APPENDIX.</span> 
     </span>
    </p>
   </div>
   <div class='ocr_carea' id='block_1_2' title="bbox 1250 582 1766 644">
    <p class='ocr_par' dir='ltr' id='par_1_2' title="bbox 1250 582 1766 644">
     <span class='ocr_line' id='line_1_2' title="bbox 1250 582 1766 644; baseline 0 -2"><span class='ocrx_word' id='word_1_2' title='bbox 1250 582 1426 643; x_wconf 83' lang='lat' dir='ltr'>Alias</span> <span class='ocrx_word' id='word_1_3' title='bbox 1457 583 1766 644; x_wconf 79' lang='lat' dir='ltr'><em>Orationes.</em></span> 
     </span>
    </p>
   </div>
   <div class='ocr_carea' id='block_1_3' title="bbox 617 704 1890 982">
    <p class='ocr_par' dir='ltr' id='par_1_3' title="bbox 617 704 1890 982">
     <span class='ocr_line' id='line_1_3' title="bbox 617 704 1781 786; baseline 0.003 -21"><span class='ocrx_word' id='word_1_4' title='bbox 617 704 848 766; x_wconf 82' lang='lat' dir='ltr'>Gratias</span> <span class='ocrx_word' id='word_1_5' title='bbox 888 706 1115 785; x_wconf 88' lang='lat' dir='ltr'>agimus</span> <span class='ocrx_word' id='word_1_6' title='bbox 1156 706 1308 767; x_wconf 90' lang='lat' dir='ltr'>Dne.</span> <span class='ocrx_word' id='word_1_7' title='bbox 1347 705 1781 786; x_wconf 76' lang='lat' dir='ltr'>multiplicatis]</span> 
     </span>
     <span class='ocr_line' id='line_1_4' title="bbox 617 803 1890 884; baseline 0.004 -21"><span class='ocrx_word' id='word_1_8' title='bbox 617 804 854 866; x_wconf 86' lang='lat' dir='ltr'>Praesta</span> <span class='ocrx_word' id='word_1_9' title='bbox 894 824 950 883; x_wconf 94' lang='lat' dir='ltr'>q.</span> <span class='ocrx_word' id='word_1_10' title='bbox 992 824 1048 866; x_wconf 94' lang='lat' dir='ltr'>o.</span> <span class='ocrx_word' id='word_1_11' title='bbox 1090 803 1165 864; x_wconf 90' lang='lat' dir='ltr'>D.</span> <span class='ocrx_word' id='word_1_12' title='bbox 1209 816 1274 865; x_wconf 90' lang='lat' dir='ltr'>ut</span> <span class='ocrx_word' id='word_1_13' title='bbox 1315 807 1520 868; x_wconf 88' lang='lat' dir='ltr'>beatus</span> <span class='ocrx_word' id='word_1_14' title='bbox 1561 805 1890 884; x_wconf 87' lang='lat' dir='ltr'>Stephanus</span> 
     </span>
     <span class='ocr_line' id='line_1_5' title="bbox 617 901 1887 982; baseline 0.003 -20"><span class='ocrx_word' id='word_1_15' title='bbox 617 901 781 964; x_wconf 87' lang='lat' dir='ltr'>Deus</span> <span class='ocrx_word' id='word_1_16' title='bbox 822 903 922 982; x_wconf 87' lang='lat' dir='ltr'>qui</span> <span class='ocrx_word' id='word_1_17' title='bbox 965 921 1072 964; x_wconf 88' lang='lat' dir='ltr'>nos</span> <span class='ocrx_word' id='word_1_18' title='bbox 1112 903 1413 982; x_wconf 83' lang='lat' dir='ltr'>Unigeniti</span> <span class='ocrx_word' id='word_1_19' title='bbox 1451 906 1536 964; x_wconf 87' lang='lat' dir='ltr'>tui</span> <span class='ocrx_word' id='word_1_20' title='bbox 1575 905 1887 966; x_wconf 85' lang='lat' dir='ltr'>clementer</span> 
     </span>
    </p>
   </div>
   <div class='ocr_carea' id='block_1_4' title="bbox 778 1068 2239 1154">
    <p class='ocr_par' dir='ltr' id='par_1_4' title="bbox 778 1068 2239 1154">
     <span class='ocr_line' id='line_1_6' title="bbox 778 1068 2239 1154; baseline 0.003 -24"><span class='ocrx_word' id='word_1_21' title='bbox 778 1071 846 1130; x_wconf 84' lang='lat' dir='ltr'>vi</span> <span class='ocrx_word' id='word_1_22' title='bbox 862 1068 1006 1130; x_wconf 80' lang='lat' dir='ltr'>Kal.</span> <span class='ocrx_word' id='word_1_23' title='bbox 1035 1069 1168 1132; x_wconf 85' lang='lat' dir='ltr'>Ian.</span> <span class='ocrx_word' id='word_1_24' title='bbox 1227 1069 1444 1133; x_wconf 79' lang='lat' dir='ltr'>Natale</span> <span class='ocrx_word' id='word_1_25' title='bbox 1469 1070 1534 1133; x_wconf 89' lang='lat' dir='ltr'>S.</span> <span class='ocrx_word' id='word_1_26' title='bbox 1562 1070 1801 1132; x_wconf 83' lang='lat' dir='ltr'>Ioannis</span> <span class='ocrx_word' id='word_1_27' title='bbox 1827 1071 2239 1154; x_wconf 56' lang='lat' dir='ltr'>Evangelii-tae.</span> 
     </span>
    </p>
   </div>
   <div class='ocr_carea' id='block_1_5' title="bbox 579 1192 2075 1769">
    <p class='ocr_par' dir='ltr' id='par_1_5' title="bbox 579 1192 1586 1274">
     <span class='ocr_line' id='line_1_7' title="bbox 579 1192 1586 1274; baseline 0.004 -23"><span class='ocrx_word' id='word_1_28' title='bbox 579 1192 781 1255; x_wconf 69' lang='lat' dir='ltr'>*Deus</span> <span class='ocrx_word' id='word_1_29' title='bbox 821 1195 924 1273; x_wconf 88' lang='lat' dir='ltr'>qui</span> <span class='ocrx_word' id='word_1_30' title='bbox 964 1214 1069 1273; x_wconf 91' lang='lat' dir='ltr'>per</span> <span class='ocrx_word' id='word_1_31' title='bbox 1109 1213 1178 1255; x_wconf 89' lang='lat' dir='ltr'>os</span> <span class='ocrx_word' id='word_1_32' title='bbox 1218 1198 1275 1256; x_wconf 89' lang='lat' dir='ltr'>b.</span> <span class='ocrx_word' id='word_1_33' title='bbox 1317 1196 1586 1274; x_wconf 85' lang='lat' dir='ltr'>Apostoli</span> 
     </span>
    </p>

    <p class='ocr_par' dir='ltr' id='par_1_6' title="bbox 580 1293 1932 1669">
     <span class='ocr_line' id='line_1_8' title="bbox 617 1293 1932 1372; baseline 0.003 -20"><span class='ocrx_word' id='word_1_34' title='bbox 617 1293 944 1354; x_wconf 85' lang='lat' dir='ltr'>Ecclesiam</span> <span class='ocrx_word' id='word_1_35' title='bbox 985 1304 1145 1354; x_wconf 89' lang='lat' dir='ltr'>tuam</span> <span class='ocrx_word' id='word_1_36' title='bbox 1187 1293 1340 1354; x_wconf 89' lang='lat' dir='ltr'>Dne.</span> <span class='ocrx_word' id='word_1_37' title='bbox 1381 1296 1672 1372; x_wconf 83' lang='lat' dir='ltr'>benignus</span> <span class='ocrx_word' id='word_1_38' title='bbox 1712 1295 1932 1356; x_wconf 86' lang='lat' dir='ltr'>illustra</span> 
     </span>
     <span class='ocr_line' id='line_1_9' title="bbox 621 1390 1801 1471; baseline 0.003 -20"><span class='ocrx_word' id='word_1_39' title='bbox 621 1390 864 1470; x_wconf 88' lang='lat' dir='ltr'>Suscipe</span> <span class='ocrx_word' id='word_1_40' title='bbox 906 1391 1057 1452; x_wconf 91' lang='lat' dir='ltr'>Dne.</span> <span class='ocrx_word' id='word_1_41' title='bbox 1097 1411 1342 1454; x_wconf 86' lang='lat' dir='ltr'>munera</span> <span class='ocrx_word' id='word_1_42' title='bbox 1381 1412 1534 1471; x_wconf 82' lang='lat' dir='ltr'>quae</span> <span class='ocrx_word' id='word_1_43' title='bbox 1574 1394 1636 1453; x_wconf 92' lang='lat' dir='ltr'>in</span> <span class='ocrx_word' id='word_1_44' title='bbox 1677 1395 1801 1455; x_wconf 86' lang='lat' dir='ltr'>eius</span> 
     </span>
     <span class='ocr_line' id='line_1_10' title="bbox 580 1489 1918 1571; baseline 0.007 -26"><span class='ocrx_word' id='word_1_45' title='bbox 580 1489 749 1551; x_wconf 68' lang='lat' dir='ltr'><strong>*VD.</strong></span> <span class='ocrx_word' id='word_1_46' title='bbox 789 1489 954 1550; x_wconf 84' lang='lat' dir='ltr'>Beati</span> <span class='ocrx_word' id='word_1_47' title='bbox 993 1491 1266 1568; x_wconf 88' lang='lat' dir='ltr'>Apostoli</span> <span class='ocrx_word' id='word_1_48' title='bbox 1307 1492 1390 1552; x_wconf 91' lang='lat' dir='ltr'>tui</span> <span class='ocrx_word' id='word_1_49' title='bbox 1431 1500 1490 1552; x_wconf 90' lang='lat' dir='ltr'>et</span> <span class='ocrx_word' id='word_1_50' title='bbox 1529 1495 1918 1571; x_wconf 84' lang='lat' dir='ltr'>evangelistae</span> 
     </span>
     <span class='ocr_line' id='line_1_11' title="bbox 619 1589 1558 1669; baseline 0.002 -20"><span class='ocrx_word' id='word_1_51' title='bbox 619 1589 846 1650; x_wconf 80' lang='lat' dir='ltr'>Refecti</span> <span class='ocrx_word' id='word_1_52' title='bbox 888 1590 1020 1650; x_wconf 93' lang='lat' dir='ltr'>cibo</span> <span class='ocrx_word' id='word_1_53' title='bbox 1061 1600 1320 1669; x_wconf 87' lang='lat' dir='ltr'>potuque</span> <span class='ocrx_word' id='word_1_54' title='bbox 1363 1590 1558 1652; x_wconf 86' lang='lat' dir='ltr'><strong>celesti</strong></span> 
     </span>
    </p>

    <p class='ocr_par' dir='ltr' id='par_1_7' title="bbox 617 1688 2075 1769">
     <span class='ocr_line' id='line_1_12' title="bbox 617 1688 2075 1769; baseline 0.003 -22"><span class='ocrx_word' id='word_1_55' title='bbox 617 1688 790 1748; x_wconf 85' lang='lat' dir='ltr'><strong>Adsit</strong></span> <span class='ocrx_word' id='word_1_56' title='bbox 829 1689 1110 1750; x_wconf 86' lang='lat' dir='ltr'>ecclesiae</span> <span class='ocrx_word' id='word_1_57' title='bbox 1151 1698 1284 1749; x_wconf 89' lang='lat' dir='ltr'>tuae</span> <span class='ocrx_word' id='word_1_58' title='bbox 1324 1689 1475 1750; x_wconf 87' lang='lat' dir='ltr'>Dne.</span> <span class='ocrx_word' id='word_1_59' title='bbox 1521 1709 1578 1768; x_wconf 92' lang='lat' dir='ltr'>q.</span> <span class='ocrx_word' id='word_1_60' title='bbox 1620 1691 1681 1750; x_wconf 98' lang='lat' dir='ltr'>b.</span> <span class='ocrx_word' id='word_1_61' title='bbox 1722 1691 2075 1769; x_wconf 86' lang='lat' dir='ltr'>evangelista</span> 
     </span>
    </p>
   </div>
   <div class='ocr_carea' id='block_1_6' title="bbox 1256 1855 1776 1918">
    <p class='ocr_par' dir='ltr' id='par_1_8' title="bbox 1256 1855 1776 1918">
     <span class='ocr_line' id='line_1_13' title="bbox 1256 1855 1776 1918; baseline 0.006 -3"><span class='ocrx_word' id='word_1_62' title='bbox 1256 1856 1432 1916; x_wconf 83' lang='lat' dir='ltr'>Alias</span> <span class='ocrx_word' id='word_1_63' title='bbox 1463 1855 1776 1918; x_wconf 78' lang='lat' dir='ltr'><em>Orationes.</em></span> 
     </span>
    </p>
   </div>
   <div class='ocr_carea' id='block_1_7' title="bbox 584 1961 1730 2156">
    <p class='ocr_par' dir='ltr' id='par_1_9' title="bbox 584 1961 1730 2156">
     <span class='ocr_line' id='line_1_14' title="bbox 584 1961 1730 2059; baseline 0.005 -23"><span class='ocrx_word' id='word_1_64' title='bbox 584 1961 784 2040; x_wconf 42' lang='lat' dir='ltr'>{Deus</span> <span class='ocrx_word' id='word_1_65' title='bbox 822 1981 922 2057; x_wconf 91' lang='lat' dir='ltr'>qui</span> <span class='ocrx_word' id='word_1_66' title='bbox 963 1982 1021 2040; x_wconf 95' lang='lat' dir='ltr'>b.</span> <span class='ocrx_word' id='word_1_67' title='bbox 1062 1981 1302 2041; x_wconf 84' lang='lat' dir='ltr'>Ioannis</span> <span class='ocrx_word' id='word_1_68' title='bbox 1341 1982 1730 2059; x_wconf 84' lang='lat' dir='ltr'>evangelistae</span> 
     </span>
     <span class='ocr_line' id='line_1_15' title="bbox 621 2077 1725 2156; baseline 0.001 -17"><span class='ocrx_word' id='word_1_69' title='bbox 621 2077 860 2139; x_wconf 87' lang='lat' dir='ltr'>Praesta</span> <span class='ocrx_word' id='word_1_70' title='bbox 901 2097 959 2156; x_wconf 89' lang='lat' dir='ltr'>q.</span> <span class='ocrx_word' id='word_1_71' title='bbox 1001 2096 1058 2138; x_wconf 92' lang='lat'>0.</span> <span class='ocrx_word' id='word_1_72' title='bbox 1100 2078 1176 2138; x_wconf 91' lang='lat' dir='ltr'>D.</span> <span class='ocrx_word' id='word_1_73' title='bbox 1219 2089 1284 2140; x_wconf 92' lang='lat' dir='ltr'>ut</span> <span class='ocrx_word' id='word_1_74' title='bbox 1323 2079 1725 2142; x_wconf 86' lang='lat' dir='ltr'>excellentiam</span> 
     </span>
    </p>
   </div>
   <div class='ocr_carea' id='block_1_8' title="bbox 970 2245 2067 2308">
    <p class='ocr_par' dir='ltr' id='par_1_10' title="bbox 970 2245 2067 2308">
     <span class='ocr_line' id='line_1_16' title="bbox 970 2245 2067 2308; baseline 0.002 -2"><span class='ocrx_word' id='word_1_75' title='bbox 970 2265 1006 2306; x_wconf 88' lang='lat' dir='ltr'><em>v</em></span> <span class='ocrx_word' id='word_1_76' title='bbox 1033 2245 1178 2307; x_wconf 85' lang='lat' dir='ltr'>Kal.</span> <span class='ocrx_word' id='word_1_77' title='bbox 1206 2245 1336 2306; x_wconf 88' lang='lat' dir='ltr'>Ian.</span> <span class='ocrx_word' id='word_1_78' title='bbox 1409 2247 1624 2308; x_wconf 82' lang='lat' dir='ltr'><em>Natale</em></span> <span class='ocrx_word' id='word_1_79' title='bbox 1649 2245 2009 2308; x_wconf 66' lang='lat' dir='ltr'>Innocentiam</span> <span class='ocrx_word' id='word_1_80' title='bbox 2030 2247 2067 2307; x_wconf 89' lang='lat'>¹.</span> 
     </span>
    </p>
   </div>
   <div class='ocr_carea' id='block_1_9' title="bbox 539 2368 2190 2926">
    <p class='ocr_par' dir='ltr' id='par_1_11' title="bbox 539 2368 2190 2926">
     <span class='ocr_line' id='line_1_17' title="bbox 625 2368 1869 2449; baseline 0.003 -21"><span class='ocrx_word' id='word_1_81' title='bbox 625 2368 788 2429; x_wconf 90' lang='lat' dir='ltr'>Deus</span> <span class='ocrx_word' id='word_1_82' title='bbox 829 2370 996 2430; x_wconf 89' lang='lat' dir='ltr'>cuius</span> <span class='ocrx_word' id='word_1_83' title='bbox 1035 2370 1316 2431; x_wconf 86' lang='lat' dir='ltr'>hodierna</span> <span class='ocrx_word' id='word_1_84' title='bbox 1356 2370 1451 2431; x_wconf 90' lang='lat' dir='ltr'>die</span> <span class='ocrx_word' id='word_1_85' title='bbox 1490 2373 1869 2449; x_wconf 88' lang='lat' dir='ltr'>praeconium</span> 
     </span>
     <span class='ocr_line' id='line_1_18' title="bbox 539 2455 1290 2547; baseline 0.005 -21"><span class='ocrx_word' id='word_1_86' title='bbox 539 2455 544 2460; x_wconf 50' lang='grc'>”</span> <span class='ocrx_word' id='word_1_87' title='bbox 623 2468 784 2529; x_wconf 89' lang='lat' dir='ltr'>Deus</span> <span class='ocrx_word' id='word_1_88' title='bbox 826 2469 925 2547; x_wconf 90' lang='lat' dir='ltr'>qui</span> <span class='ocrx_word' id='word_1_89' title='bbox 965 2471 1138 2530; x_wconf 88' lang='lat' dir='ltr'>bonis</span> <span class='ocrx_word' id='word_1_90' title='bbox 1175 2471 1290 2530; x_wconf 88' lang='lat' dir='ltr'>tuis</span> 
     </span>
     <span class='ocr_line' id='line_1_19' title="bbox 621 2566 2190 2632; baseline 0.002 -6"><span class='ocrx_word' id='word_1_91' title='bbox 621 2567 847 2628; x_wconf 81' lang='lat' dir='ltr'>Adesto</span> <span class='ocrx_word' id='word_1_92' title='bbox 886 2566 1038 2632; x_wconf 91' lang='lat' dir='ltr'>Dne.</span> <span class='ocrx_word' id='word_1_93' title='bbox 1080 2569 1418 2629; x_wconf 86' lang='lat' dir='ltr'>muneribus</span> <span class='ocrx_word' id='word_1_94' title='bbox 1457 2569 1849 2629; x_wconf 89' lang='lat' dir='ltr'>Innocentum</span> <span class='ocrx_word' id='word_1_95' title='bbox 1889 2569 2190 2631; x_wconf 84' lang='lat' dir='ltr'>festivitate</span> 
     </span>
     <span class='ocr_line' id='line_1_20' title="bbox 587 2665 1754 2749; baseline 0.005 -27"><span class='ocrx_word' id='word_1_96' title='bbox 587 2665 753 2728; x_wconf 75' lang='lat' dir='ltr'><strong>*VD.</strong></span> <span class='ocrx_word' id='word_1_97' title='bbox 798 2666 1072 2728; x_wconf 86' lang='lat' dir='ltr'>Pretiosis</span> <span class='ocrx_word' id='word_1_98' title='bbox 1113 2666 1297 2749; x_wconf 86' lang='lat' dir='ltr'>(enim</span> <span class='ocrx_word' id='word_1_99' title='bbox 1325 2667 1427 2748; x_wconf 89' lang='lat' dir='ltr'>R.)</span> <span class='ocrx_word' id='word_1_100' title='bbox 1469 2668 1754 2728; x_wconf 87' lang='lat' dir='ltr'>mortibus</span> 
     </span>
     <span class='ocr_line' id='line_1_21' title="bbox 622 2763 1635 2844; baseline 0.005 -22"><span class='ocrx_word' id='word_1_101' title='bbox 622 2763 834 2826; x_wconf 88' lang='lat' dir='ltr'>Votiva</span> <span class='ocrx_word' id='word_1_102' title='bbox 873 2764 1026 2826; x_wconf 87' lang='lat' dir='ltr'>Dne.</span> <span class='ocrx_word' id='word_1_103' title='bbox 1068 2767 1228 2827; x_wconf 90' lang='lat' dir='ltr'>dona</span> <span class='ocrx_word' id='word_1_104' title='bbox 1265 2767 1635 2844; x_wconf 85' lang='lat' dir='ltr'>percepimus</span> 
     </span>
     <span class='ocr_line' id='line_1_22' title="bbox 587 2862 1695 2926; baseline 0.005 -6"><span class='ocrx_word' id='word_1_105' title='bbox 587 2862 824 2924; x_wconf 82' lang='lat' dir='ltr'><strong>*Discat</strong></span> <span class='ocrx_word' id='word_1_106' title='bbox 863 2865 1107 2926; x_wconf 88' lang='lat' dir='ltr'>ecclesia</span> <span class='ocrx_word' id='word_1_107' title='bbox 1147 2875 1248 2925; x_wconf 86' lang='lat' dir='ltr'>tua</span> <span class='ocrx_word' id='word_1_108' title='bbox 1287 2864 1363 2925; x_wconf 95' lang='lat' dir='ltr'>D.</span> <span class='ocrx_word' id='word_1_109' title='bbox 1405 2865 1695 2926; x_wconf 89' lang='lat' dir='ltr'>infantum</span> 
     </span>
    </p>
   </div>
   <div class='ocr_carea' id='block_1_10' title="bbox 627 3031 2056 3435">
    <p class='ocr_par' dir='ltr' id='par_1_12' title="bbox 627 3031 2056 3435">
     <span class='ocr_line' id='line_1_23' title="bbox 1264 3031 1772 3094; baseline 0.002 -3"><span class='ocrx_word' id='word_1_110' title='bbox 1264 3033 1434 3092; x_wconf 81' lang='lat' dir='ltr'>Alias</span> <span class='ocrx_word' id='word_1_111' title='bbox 1465 3031 1772 3094; x_wconf 76' lang='lat' dir='ltr'>Orationes.</span> 
     </span>
     <span class='ocr_line' id='line_1_24' title="bbox 627 3150 1570 3238; baseline 0.003 -25"><span class='ocrx_word' id='word_1_112' title='bbox 627 3150 820 3236; x_wconf 85' lang='lat' dir='ltr'>[Deus</span> <span class='ocrx_word' id='word_1_113' title='bbox 859 3155 960 3231; x_wconf 90' lang='lat' dir='ltr'>qui</span> <span class='ocrx_word' id='word_1_114' title='bbox 999 3155 1133 3215; x_wconf 87' lang='lat' dir='ltr'>licet</span> <span class='ocrx_word' id='word_1_115' title='bbox 1172 3155 1250 3215; x_wconf 83' lang='lat' dir='ltr'>sis</span> <span class='ocrx_word' id='word_1_116' title='bbox 1291 3153 1570 3238; x_wconf 83' lang='lat' dir='ltr'>magnus]</span> 
     </span>
     <span class='ocr_line' id='line_1_25' title="bbox 627 3252 1590 3332; baseline 0.003 -20"><span class='ocrx_word' id='word_1_117' title='bbox 627 3252 750 3330; x_wconf 86' lang='lat' dir='ltr'>Ipsi</span> <span class='ocrx_word' id='word_1_118' title='bbox 791 3254 961 3313; x_wconf 89' lang='lat' dir='ltr'>nobis</span> <span class='ocrx_word' id='word_1_119' title='bbox 1001 3252 1152 3313; x_wconf 90' lang='lat' dir='ltr'>Dne.</span> <span class='ocrx_word' id='word_1_120' title='bbox 1196 3273 1252 3332; x_wconf 91' lang='lat' dir='ltr'>q.</span> <span class='ocrx_word' id='word_1_121' title='bbox 1295 3255 1590 3331; x_wconf 87' lang='lat' dir='ltr'>postulent</span> 
     </span>
     <span class='ocr_line' id='line_1_26' title="bbox 629 3348 2056 3435; baseline 0.003 -25"><span class='ocrx_word' id='word_1_122' title='bbox 629 3348 888 3432; x_wconf 86' lang='lat' dir='ltr'>[Adiuva</span> <span class='ocrx_word' id='word_1_123' title='bbox 928 3370 1039 3412; x_wconf 90' lang='lat' dir='ltr'>nos</span> <span class='ocrx_word' id='word_1_124' title='bbox 1079 3352 1230 3412; x_wconf 88' lang='lat' dir='ltr'>Dne.</span> <span class='ocrx_word' id='word_1_125' title='bbox 1273 3371 1330 3430; x_wconf 89' lang='lat' dir='ltr'>q.</span> <span class='ocrx_word' id='word_1_126' title='bbox 1373 3371 1580 3413; x_wconf 91' lang='lat' dir='ltr'>eorum</span> <span class='ocrx_word' id='word_1_127' title='bbox 1621 3349 2056 3435; x_wconf 84' lang='lat' dir='ltr'>deprecatione]</span> 
     </span>
    </p>
   </div>
   <div class='ocr_carea' id='block_1_11' title="bbox 1012 3517 2043 3597">
    <p class='ocr_par' dir='ltr' id='par_1_13' title="bbox 1012 3517 2043 3597">
     <span class='ocr_line' id='line_1_27' title="bbox 1012 3517 2043 3597; baseline 0 -19"><span class='ocrx_word' id='word_1_128' title='bbox 1012 3517 1316 3578; x_wconf 86' lang='lat' dir='ltr'>Dominica</span> <span class='ocrx_word' id='word_1_129' title='bbox 1342 3518 1529 3597; x_wconf 81' lang='lat' dir='ltr'>Ipost</span> <span class='ocrx_word' id='word_1_130' title='bbox 1549 3517 1763 3579; x_wconf 86' lang='lat' dir='ltr'><em>Natale</em></span> <span class='ocrx_word' id='word_1_131' title='bbox 1788 3518 2043 3580; x_wconf 80' lang='lat' dir='ltr'>Domini.</span> 
     </span>
    </p>
   </div>
   <div class='ocr_carea' id='block_1_12' title="bbox 588 3641 2359 4217">
    <p class='ocr_par' dir='ltr' id='par_1_14' title="bbox 588 3641 2359 3823">
     <span class='ocr_line' id='line_1_28' title="bbox 623 3641 2359 3722; baseline 0.002 -20"><span class='ocrx_word' id='word_1_132' title='bbox 623 3641 789 3703; x_wconf 87' lang='lat' dir='ltr'>Deus</span> <span class='ocrx_word' id='word_1_133' title='bbox 829 3644 930 3722; x_wconf 90' lang='lat' dir='ltr'>qui</span> <span class='ocrx_word' id='word_1_134' title='bbox 973 3643 1172 3704; x_wconf 84' lang='lat' dir='ltr'>salutis</span> <span class='ocrx_word' id='word_1_135' title='bbox 1211 3653 1484 3704; x_wconf 85' lang='lat' dir='ltr'>aeternae</span> <span class='ocrx_word' id='word_1_136' title='bbox 1524 3645 1732 3704; x_wconf 82' lang='lat' dir='ltr'>beatae</span> <span class='ocrx_word' id='word_1_137' title='bbox 1774 3643 2001 3704; x_wconf 87' lang='lat' dir='ltr'>Mariae</span> <span class='ocrx_word' id='word_1_138' title='bbox 2040 3645 2359 3722; x_wconf 83' lang='lat' dir='ltr'>virginitate</span> 
     </span>
     <span class='ocr_line' id='line_1_29' title="bbox 588 3740 1919 3823; baseline 0.004 -26"><span class='ocrx_word' id='word_1_139' title='bbox 588 3741 717 3802; x_wconf 80' lang='lat' dir='ltr'>*Da</span> <span class='ocrx_word' id='word_1_140' title='bbox 757 3744 930 3802; x_wconf 85' lang='lat' dir='ltr'>nobis</span> <span class='ocrx_word' id='word_1_141' title='bbox 971 3762 1026 3821; x_wconf 94' lang='lat' dir='ltr'>q.</span> <span class='ocrx_word' id='word_1_142' title='bbox 1067 3760 1124 3802; x_wconf 94' lang='lat' dir='ltr'>o.</span> <span class='ocrx_word' id='word_1_143' title='bbox 1167 3741 1241 3802; x_wconf 90' lang='lat' dir='ltr'>D.</span> <span class='ocrx_word' id='word_1_144' title='bbox 1283 3752 1348 3802; x_wconf 86' lang='lat' dir='ltr'>ut</span> <span class='ocrx_word' id='word_1_145' title='bbox 1389 3743 1742 3803; x_wconf 82' lang='lat' dir='ltr'>nativitatem</span> <span class='ocrx_word' id='word_1_146' title='bbox 1782 3740 1919 3823; x_wconf 86' lang='lat' dir='ltr'>(sic)</span> 
     </span>
    </p>

    <p class='ocr_par' dir='ltr' id='par_1_15' title="bbox 625 3840 1943 3920">
     <span class='ocr_line' id='line_1_30' title="bbox 625 3840 1943 3920; baseline 0.002 -20"><span class='ocrx_word' id='word_1_147' title='bbox 625 3840 969 3902; x_wconf 86' lang='lat' dir='ltr'>Muneribus</span> <span class='ocrx_word' id='word_1_148' title='bbox 1008 3843 1221 3902; x_wconf 86' lang='lat' dir='ltr'>nostris</span> <span class='ocrx_word' id='word_1_149' title='bbox 1261 3861 1316 3920; x_wconf 94' lang='lat' dir='ltr'>q.</span> <span class='ocrx_word' id='word_1_150' title='bbox 1361 3841 1513 3901; x_wconf 91' lang='lat' dir='ltr'>Dne.</span> <span class='ocrx_word' id='word_1_151' title='bbox 1555 3843 1943 3920; x_wconf 85' lang='lat' dir='ltr'>precibusque</span> 
     </span>
    </p>

    <p class='ocr_par' dir='ltr' id='par_1_16' title="bbox 625 3939 1761 4002">
     <span class='ocr_line' id='line_1_31' title="bbox 625 3939 1761 4002; baseline 0.001 -2"><span class='ocrx_word' id='word_1_152' title='bbox 625 3939 759 3999; x_wconf 91' lang='lat' dir='ltr'>VD.</span> <span class='ocrx_word' id='word_1_153' title='bbox 800 3939 928 4000; x_wconf 89' lang='lat' dir='ltr'>Nos</span> <span class='ocrx_word' id='word_1_154' title='bbox 970 3958 1199 4000; x_wconf 88' lang='lat' dir='ltr'>sursum</span> <span class='ocrx_word' id='word_1_155' title='bbox 1240 3941 1514 4001; x_wconf 84' lang='lat' dir='ltr'>cordibus</span> <span class='ocrx_word' id='word_1_156' title='bbox 1555 3941 1761 4002; x_wconf 86' lang='lat' dir='ltr'>erectis</span> 
     </span>
    </p>

    <p class='ocr_par' dir='ltr' id='par_1_17' title="bbox 589 4037 2225 4217">
     <span class='ocr_line' id='line_1_32' title="bbox 589 4037 2225 4118; baseline 0.002 -24"><span class='ocrx_word' id='word_1_157' title='bbox 589 4037 720 4098; x_wconf 75' lang='lat' dir='ltr'>*Da</span> <span class='ocrx_word' id='word_1_158' title='bbox 761 4039 930 4100; x_wconf 89' lang='lat' dir='ltr'>nobis</span> <span class='ocrx_word' id='word_1_159' title='bbox 970 4058 1028 4117; x_wconf 92' lang='lat' dir='ltr'>q.</span> <span class='ocrx_word' id='word_1_160' title='bbox 1071 4039 1224 4100; x_wconf 86' lang='lat' dir='ltr'>Dne.</span> <span class='ocrx_word' id='word_1_161' title='bbox 1268 4038 1342 4098; x_wconf 95' lang='lat' dir='ltr'>D.</span> <span class='ocrx_word' id='word_1_162' title='bbox 1385 4050 1582 4100; x_wconf 89' lang='lat' dir='ltr'>noster</span> <span class='ocrx_word' id='word_1_163' title='bbox 1623 4048 1690 4100; x_wconf 87' lang='lat' dir='ltr'>ut</span> <span class='ocrx_word' id='word_1_164' title='bbox 1728 4040 1829 4118; x_wconf 90' lang='lat' dir='ltr'>qui</span> <span class='ocrx_word' id='word_1_165' title='bbox 1870 4038 2225 4100; x_wconf 84' lang='lat' dir='ltr'>nativitatem</span> 
     </span>
     <span class='ocr_line' id='line_1_33' title="bbox 624 4136 2014 4217; baseline 0.001 -20"><span class='ocrx_word' id='word_1_166' title='bbox 624 4136 1098 4198; x_wconf 90' lang='lat' dir='ltr'>Benedictionem</span> <span class='ocrx_word' id='word_1_167' title='bbox 1140 4147 1302 4198; x_wconf 86' lang='lat' dir='ltr'>tuam</span> <span class='ocrx_word' id='word_1_168' title='bbox 1342 4137 1496 4198; x_wconf 90' lang='lat' dir='ltr'>Dne.</span> <span class='ocrx_word' id='word_1_169' title='bbox 1537 4139 1787 4217; x_wconf 90' lang='lat' dir='ltr'>populus</span> <span class='ocrx_word' id='word_1_170' title='bbox 1829 4138 2014 4199; x_wconf 88' lang='lat' dir='ltr'>fidelis</span> 
     </span>
    </p>
   </div>
   <div class='ocr_carea' id='block_1_13' title="bbox 907 4302 2126 4366">
    <p class='ocr_par' dir='ltr' id='par_1_18' title="bbox 907 4302 2126 4366">
     <span class='ocr_line' id='line_1_34' title="bbox 907 4302 2126 4366; baseline 0.002 -3"><span class='ocrx_word' id='word_1_171' title='bbox 907 4303 1115 4364; x_wconf 79' lang='lat' dir='ltr'>Pridie</span> <span class='ocrx_word' id='word_1_172' title='bbox 1140 4305 1279 4364; x_wconf 85' lang='lat' dir='ltr'>Kal.</span> <span class='ocrx_word' id='word_1_173' title='bbox 1308 4302 1442 4363; x_wconf 86' lang='lat' dir='ltr'>Ian.</span> <span class='ocrx_word' id='word_1_174' title='bbox 1510 4303 1725 4364; x_wconf 81' lang='lat' dir='ltr'><em>Natale</em></span> <span class='ocrx_word' id='word_1_175' title='bbox 1753 4302 1818 4365; x_wconf 88' lang='lat' dir='ltr'>S.</span> <span class='ocrx_word' id='word_1_176' title='bbox 1846 4303 2126 4366; x_wconf 83' lang='lat' dir='ltr'>Silvestri.</span> 
     </span>
    </p>
   </div>
   <div class='ocr_carea' id='block_1_14' title="bbox 624 4426 2004 4702">
    <p class='ocr_par' dir='ltr' id='par_1_19' title="bbox 624 4426 2004 4702">
     <span class='ocr_line' id='line_1_35' title="bbox 624 4426 1532 4506; baseline 0.002 -21"><span class='ocrx_word' id='word_1_177' title='bbox 624 4426 720 4487; x_wconf 87' lang='lat' dir='ltr'>Da</span> <span class='ocrx_word' id='word_1_178' title='bbox 759 4447 816 4506; x_wconf 90' lang='lat' dir='ltr'>q.</span> <span class='ocrx_word' id='word_1_179' title='bbox 861 4444 916 4487; x_wconf 93' lang='lat' dir='ltr'>o.</span> <span class='ocrx_word' id='word_1_180' title='bbox 958 4426 1033 4486; x_wconf 93' lang='lat' dir='ltr'>D.</span> <span class='ocrx_word' id='word_1_181' title='bbox 1076 4438 1140 4487; x_wconf 92' lang='lat' dir='ltr'>ut</span> <span class='ocrx_word' id='word_1_182' title='bbox 1178 4429 1234 4486; x_wconf 92' lang='lat' dir='ltr'>b.</span> <span class='ocrx_word' id='word_1_183' title='bbox 1281 4427 1532 4488; x_wconf 89' lang='lat' dir='ltr'>Silvestri</span> 
     </span>
     <span class='ocr_line' id='line_1_36' title="bbox 626 4525 2004 4604; baseline 0 -18"><span class='ocrx_word' id='word_1_184' title='bbox 626 4525 824 4586; x_wconf 90' lang='lat' dir='ltr'>Sancti</span> <span class='ocrx_word' id='word_1_185' title='bbox 866 4527 946 4586; x_wconf 91' lang='lat' dir='ltr'>tui</span> <span class='ocrx_word' id='word_1_186' title='bbox 985 4544 1096 4586; x_wconf 90' lang='lat' dir='ltr'>nos</span> <span class='ocrx_word' id='word_1_187' title='bbox 1137 4545 1195 4603; x_wconf 94' lang='lat' dir='ltr'>q.</span> <span class='ocrx_word' id='word_1_188' title='bbox 1235 4525 1387 4587; x_wconf 89' lang='lat' dir='ltr'>Dne.</span> <span class='ocrx_word' id='word_1_189' title='bbox 1431 4526 1648 4604; x_wconf 88' lang='lat' dir='ltr'>ubique</span> <span class='ocrx_word' id='word_1_190' title='bbox 1691 4525 2004 4586; x_wconf 87' lang='lat' dir='ltr'>laetificent</span> 
     </span>
     <span class='ocr_line' id='line_1_37' title="bbox 627 4623 1716 4702; baseline 0 -20"><span class='ocrx_word' id='word_1_191' title='bbox 627 4623 860 4685; x_wconf 87' lang='lat' dir='ltr'>Praesta</span> <span class='ocrx_word' id='word_1_192' title='bbox 900 4643 958 4702; x_wconf 92' lang='lat' dir='ltr'>q.</span> <span class='ocrx_word' id='word_1_193' title='bbox 998 4643 1052 4685; x_wconf 94' lang='lat' dir='ltr'>o.</span> <span class='ocrx_word' id='word_1_194' title='bbox 1095 4623 1172 4684; x_wconf 95' lang='lat' dir='ltr'>D.</span> <span class='ocrx_word' id='word_1_195' title='bbox 1213 4633 1278 4683; x_wconf 87' lang='lat' dir='ltr'>ut</span> <span class='ocrx_word' id='word_1_196' title='bbox 1317 4624 1390 4683; x_wconf 91' lang='lat' dir='ltr'>de</span> <span class='ocrx_word' id='word_1_197' title='bbox 1429 4625 1716 4702; x_wconf 85' lang='lat' dir='ltr'>perceptis</span> 
     </span>
    </p>
   </div>
   <div class='ocr_carea' id='block_1_15' title="bbox 1145 4745 1881 4798">
    <p class='ocr_par' dir='ltr' id='par_1_20' title="bbox 1145 4745 1881 4798">
     <span class='ocr_line' id='line_1_38' title="bbox 1145 4745 1881 4798; baseline 0.003 -2"><span class='ocrx_word' id='word_1_198' title='bbox 1145 4745 1166 4774; x_wconf 84' lang='lat'>¹</span> <span class='ocrx_word' id='word_1_199' title='bbox 1199 4747 1262 4796; x_wconf 91' lang='lat' dir='ltr'>R.</span> <span class='ocrx_word' id='word_1_200' title='bbox 1287 4745 1412 4796; x_wconf 76' lang='lat' dir='ltr'>adds</span> <span class='ocrx_word' id='word_1_201' title='bbox 1431 4746 1614 4797; x_wconf 44' lang='lat' dir='ltr'>adscit</span> <span class='ocrx_word' id='word_1_202' title='bbox 1636 4747 1881 4798; x_wconf 76' lang='lat' dir='ltr'>Paulum.</span> 
     </span>
    </p>
   </div>
   <div class='ocr_carea' id='block_1_16' title="bbox 2480 429 2609 496">
    <p class='ocr_par' dir='ltr' id='par_1_21' title="bbox 2480 429 2609 496">
     <span class='ocr_line' id='line_1_39' title="bbox 2480 429 2609 496; baseline 0 0"><span class='ocrx_word' id='word_1_203' title='bbox 2480 429 2609 496; x_wconf 87' lang='lat'>319</span> 
     </span>
    </p>
   </div>
   <div class='ocr_carea' id='block_1_17' title="bbox 2661 593 2963 660">
    <p class='ocr_par' dir='ltr' id='par_1_22' title="bbox 2661 593 2963 660">
     <span class='ocr_line' id='line_1_40' title="bbox 2661 593 2963 660; baseline -0.013 -12"><span class='ocrx_word' id='word_1_204' title='bbox 2661 595 2816 648; x_wconf 83' lang='lat' dir='ltr'>Gerb.</span> <span class='ocrx_word' id='word_1_205' title='bbox 2836 611 2887 660; x_wconf 89' lang='lat' dir='ltr'>p.</span> <span class='ocrx_word' id='word_1_206' title='bbox 2912 593 2963 644; x_wconf 85' lang='lat'>8.</span> 
     </span>
    </p>
   </div>
   <div class='ocr_carea' id='block_1_18' title="bbox 2664 1092 2929 1225">
    <p class='ocr_par' dir='ltr' id='par_1_23' title="bbox 2664 1092 2929 1225">
     <span class='ocr_line' id='line_1_41' title="bbox 2664 1092 2817 1143; baseline 0.007 -1"><span class='ocrx_word' id='word_1_207' title='bbox 2664 1092 2817 1143; x_wconf 89' lang='lat' dir='ltr'>Gerb.</span> 
     </span>
     <span class='ocr_line' id='line_1_42' title="bbox 2670 1171 2929 1225; baseline -0.008 -17"><span class='ocrx_word' id='word_1_208' title='bbox 2670 1175 2755 1225; x_wconf 78' lang='lat' dir='ltr'>pp.</span> <span class='ocrx_word' id='word_1_209' title='bbox 2780 1177 2830 1224; x_wconf 74' lang='lat'>9,</span> <span class='ocrx_word' id='word_1_210' title='bbox 2853 1171 2929 1207; x_wconf 80' lang='grc' dir='ltr'>ΙΟ-</span> 
     </span>
    </p>
   </div>
   <div class='ocr_carea' id='block_1_19' title="bbox 2668 1883 2976 1949">
    <p class='ocr_par' dir='ltr' id='par_1_24' title="bbox 2668 1883 2976 1949">
     <span class='ocr_line' id='line_1_43' title="bbox 2668 1883 2976 1949; baseline 0 -14"><span class='ocrx_word' id='word_1_211' title='bbox 2668 1883 2822 1935; x_wconf 85' lang='lat' dir='ltr'>Gerb.</span> <span class='ocrx_word' id='word_1_212' title='bbox 2841 1896 2976 1949; x_wconf 66' lang='grc' dir='ltr'>μισ.</span> 
     </span>
    </p>
   </div>
   <div class='ocr_carea' id='block_1_20' title="bbox 2670 2268 2976 2334">
    <p class='ocr_par' dir='ltr' id='par_1_25' title="bbox 2670 2268 2976 2334">
     <span class='ocr_line' id='line_1_44' title="bbox 2670 2268 2976 2334; baseline 0.007 -14"><span class='ocrx_word' id='word_1_213' title='bbox 2670 2268 2823 2320; x_wconf 88' lang='lat' dir='ltr'>Gerb.</span> <span class='ocrx_word' id='word_1_214' title='bbox 2840 2281 2921 2334; x_wconf 83' lang='lat' dir='ltr'>p.1</span> <span class='ocrx_word' id='word_1_215' title='bbox 2932 2282 2976 2322; x_wconf 85' lang='lat'>1.</span> 
     </span>
    </p>
   </div>
   <div class='ocr_carea' id='block_1_21' title="bbox 2666 3539 2954 3672">
    <p class='ocr_par' dir='ltr' id='par_1_26' title="bbox 2666 3539 2954 3672">
     <span class='ocr_line' id='line_1_45' title="bbox 2667 3539 2816 3592; baseline -0.007 -1"><span class='ocrx_word' id='word_1_216' title='bbox 2667 3539 2816 3592; x_wconf 85' lang='lat' dir='ltr'>Gerb.</span> 
     </span>
     <span class='ocr_line' id='line_1_46' title="bbox 2666 3619 2954 3672; baseline 0.007 -14"><span class='ocrx_word' id='word_1_217' title='bbox 2666 3623 2753 3672; x_wconf 87' lang='lat' dir='ltr'>pp.</span> <span class='ocrx_word' id='word_1_218' title='bbox 2775 3619 2853 3670; x_wconf 79' lang='lat'>12,</span> <span class='ocrx_word' id='word_1_219' title='bbox 2876 3619 2954 3670; x_wconf 83' lang='lat'>13·</span> 
     </span>
    </p>
   </div>
   <div class='ocr_carea' id='block_1_22' title="bbox 2664 4315 2971 4382">
    <p class='ocr_par' dir='ltr' id='par_1_27' title="bbox 2664 4315 2971 4382">
     <span class='ocr_line' id='line_1_47' title="bbox 2664 4315 2971 4382; baseline -0.003 -15"><span class='ocrx_word' id='word_1_220' title='bbox 2664 4315 2814 4368; x_wconf 87' lang='lat' dir='ltr'>Gerb.</span> <span class='ocrx_word' id='word_1_221' title='bbox 2830 4333 2877 4382; x_wconf 87' lang='lat' dir='ltr'>p.</span> <span class='ocrx_word' id='word_1_222' title='bbox 2897 4330 2971 4382; x_wconf 79' lang='lat'>13.</span> 
     </span>
    </p>
   </div>
  </div>
 </body>
</html>
