3342 5392
457 429 496 480 1.
523 429 776 496 lxxxviii]
1079 431 1507 486 ROMANAE
1549 431 2037 488 ECCLESIAE.
2532 438 2651 510 135

1071 645 1194 710 Ad
1211 645 1472 711 calicem
1502 645 2008 712 benedicendum.

541 765 844 846 Oremus,
900 766 1310 832 dilectissimi
1371 769 1624 847 fratres,
1684 777 1760 833 ut
1812 769 2143 833 Dominus
2194 769 2380 834 Deus
2429 778 2654 834 noster
2704 785 2847 835 Miss.

453 869 724 935 calicem
791 891 986 936 suum
1062 871 1128 936 in
1191 871 1555 937 ministerio
1573 871 1631 912 ⁴⁰
1690 874 2210 937 consecrandum
2234 871 2289 911 ⁴¹
2351 873 2652 940 caelestis
2703 849 3015 966 {Tg-⁰5⁷3·

451 974 710 1058 gratiae
737 973 1166 1059 inspiratione
1205 974 1591 1052 sanctificet,
1629 984 1701 1040 et
1718 973 1775 1012 ⁴²
1804 977 1893 1041 ad
1938 976 2301 1042 humanam
2341 978 2653 1043 benedic·
2784 981 2833 1031 b·
2858 991 2941 1045 47·

451 1078 702 1143 tionem
778 1079 1261 1163 plenitudinem
1332 1080 1541 1145 divini
1616 1079 1860 1144 favoris
1933 1082 2414 1146 accommodet.
2528 1082 2653 1145 Per
2701 1060 3003 1164 lafff'rfssi.

453 1182 842 1246 Dominum.
873 1209 917 1266 γ

305 1305 422 1362 612
1356 1305 1528 1369 Item
1556 1304 1714 1370 alia.

539 1424 854 1508 Dignare,
886 1424 1196 1499 Domine,
1232 1425 1506 1490 calicem
1553 1426 1775 1502 istum,
1810 1425 1875 1489 in
1921 1445 2114 1489 usum
2162 1425 2506 1490 ministerii
2551 1425 2650 1490 tui
2704 1439 2845 1488 Mina.

449 1527 562 1610 pia
620 1526 852 1592 famuli
913 1528 1011 1592 tui
1028 1525 1087 1565 ⁴³
1138 1529 1494 1594 devotione
1554 1528 1935 1608 formatum,
1994 1549 2074 1592 ea
2132 1528 2653 1594 sanctificatione
2702 1501 3013 1618 ξίᾞῗέζῗ·

449 1631 860 1715 perfundere,
878 1652 1012 1715 qua
1036 1631 1526 1698 Melchisedech
1556 1632 1789 1698 famuli
1820 1633 1918 1697 tui
1950 1631 2352 1698 sacratum⁴⁴
2376 1633 2651 1699 calicem
2702 1635 2829 1700 Egb·
2853 1635 2934 1697 48-

448 1734 816 1819 perfudisti,
858 1746 927 1801 et
970 1736 1154 1818 quod
1200 1745 1342 1802 arte
1369 1734 1430 1774 *ὅ
1470 1736 1576 1800 vel
1624 1735 1897 1801 metallo
1946 1735 2117 1800 effici
2162 1755 2297 1800 non
2351 1745 2575 1819 potest
2592 1736 2649 1776 ⁴⁶
2700 1699 2841 1815 ἓξὲξ
2863 1712 2978 1828 232⁰

449 1837 768 1904 altaribus
814 1841 946 1905 tuis
991 1840 1264 1922 dignum
1305 1839 1424 1905 fiat
1445 1837 1499 1878 ⁴⁷
1537 1849 1652 1904 tua
1697 1839 2161 1904 benedictione
2201 1838 2648 1921 pretiosum⁴⁸.
2701 1829 2864 1880 1¹³⁰st-
2888 1843 2997 1878 ¹²¹·

451 1941 594 2007 Per.
623 1968 667 2025 γ

739 2065 908 2128 Item
938 2063 1281 2129 benedictio
1309 2063 1404 2128 ad
1425 2063 1647 2129 omnia
1678 2065 1748 2128 in
1778 2083 1969 2144 usum
1998 2061 2296 2128 basilicae
2312 2062 2388 2129 ⁴⁰.

539 2183 852 2268 Dignare,
913 2185 1227 2263 Domine,
1289 2184 1474 2249 Deus
1540 2184 1985 2268 omnipotenS,
2044 2183 2202 2249 Rex
2277 2203 2523 2267 regum,
2582 2195 2650 2249 et
2702 2197 2842 2248 Miss.

455 2288 788 2354 Dominus
829 2288 1337 2367 dominantium,
1384 2287 1715 2354 Sacerdos
1775 2288 2093 2365 omnium,
2142 2285 2457 2351 Pontifex
2509 2288 2651 2352 uni·
2701 2262 3009 2378 fflfflf‘ffss

449 2412 809 2470 versorum,
865 2413 982 2475 per
1037 2412 1240 2476 quem
1299 2412 1431 2455 una
1494 2412 1646 2457 cum
1712 2391 1912 2458 Patre
1969 2399 2333 2474 sanctoque
2398 2390 2649 2474 Spiritu
2700 2395 2829 2459 Egb.
2852 2407 2933 2456 43·

453 2493 630 2560 sacta
687 2505 840 2560 sunt
885 2497 1207 2575 universa,
1257 2493 1523 2561 Christe
1567 2495 1737 2573 Iesu,
1790 2495 2200 2570 benedicere,
2246 2514 2650 2575 consecrare,
2699 2459 2867 2510 Leost.
2889 2473 3000 2510 ²²¹⁸

451 2607 522 2664 et
567 2599 977 2666 sanctificare
1026 2600 1312 2683 digneris
1329 2598 1385 2639 ⁵⁰
1414 2620 1574 2664 vasa
1622 2598 1789 2664 haec
1833 2618 1984 2663 cum
2028 2599 2156 2662 hoc
2203 2597 2393 2664 altari
2412 2597 2485 2677 ⁶¹,
2527 2598 2647 2662 lin-

451 2703 871 2782 teaminibus,
914 2705 1323 2787 caeterisque
1365 2704 1572 2768 vasis:
1646 2711 1715 2767 et
1773 2703 2339 2786 quemadmodum
2405 2703 2645 2768 sancti-

450 2805 662 2872 ficasti
693 2807 911 2873 officia
946 2807 1348 2873 tabernaculi
1379 2807 1741 2872 testimonii
1772 2807 1933 2871 olim
1974 2826 2128 2870 cum
2159 2827 2327 2884 arca,
2362 2803 2649 2886 oracu10,

449 2909 765 2976 cherubin
851 2911 1052 2976 alosis
1069 2910 1140 2990 ⁶²,
1214 2911 1395 2988 velis,
1470 2910 1814 2987 columnis,
1892 2909 2305 2986 candelabro,
2365 2911 2558 2976 altari
2575 2911 2650 2991 ⁸³,

449 3018 780 3100 argenteis
827 3016 1097 3082 basibus
1115 3013 1190 3096 ⁶⁴,
1239 3015 1486 3081 tabulis
1539 3016 1890 3093 deauratis,
1935 3015 2356 3094 holocaustis,
2400 3015 2652 3093 hostiis,

451 3139 648 3184 aereo
705 3120 894 3185 altari
911 3117 969 3159 ⁸⁸
1029 3140 1180 3184 cum
1247 3119 1468 3184 aeneis
1527 3119 1715 3193 vasis,
1778 3118 2099 3197 tentoriiS,
2159 3117 2443 3198 funibuS,
2501 3118 2653 3181 oleo

452 3223 797 3304 unctionis,
829 3232 896 3287 et
941 3224 1215 3288 caeteris
1256 3222 1406 3287 aliis
1451 3222 1518 3285 in
1547 3220 1761 3306 figura
1794 3221 2024 3301 nostri,
2054 3243 2173 3305 per
2204 3242 2437 3286 manus
2465 3242 2653 3287 sanc-

450 3336 668 3391 torum
693 3326 1116 3394 sanctificasti
1137 3326 1579 3404 sacerdotum,
1599 3327 1694 3390 ita
1718 3344 1892 3388 nunc
1924 3345 2199 3392 manens
2222 3325 2287 3388 in
2310 3337 2649 3390 aeternum

451 3423 826 3491 summus⁸⁶
877 3424 1204 3491 Sacerdos
1251 3426 1672 3490 sacerdotum
1719 3425 2083 3488 secundum
2130 3426 2432 3489 ordinem
2482 3423 2651 3488 Mel-

450 3530 816 3606 chisedech,
875 3538 952 3596 ut
1009 3531 1324 3608 diximus,
1383 3538 1699 3612 patenam
1761 3527 1951 3608 hanc,
2003 3538 2072 3592 et
2133 3529 2409 3593 calicem
2456 3528 2650 3608 hunc,

451 3644 519 3698 et
541 3632 592 3672 ⁶⁷
640 3634 869 3701 omnia
916 3636 1352 3699 instrumenta
1397 3635 1625 3699 altaris
1676 3635 1871 3698 huius
1916 3634 2248 3709 ecclesiae,
2293 3635 2432 3700 sive
2477 3635 2645 3700 basi-

451 3737 637 3817 licae,
667 3760 839 3822 quae
881 3738 1052 3803 inter
1085 3749 1344 3803 nostras
1389 3738 1648 3821 palmas
1692 3737 2038 3818 habentur,
2068 3739 2269 3804 corde
2306 3759 2648 3821 precamur

453 3837 588 3929 [ut]
613 3841 665 3880 ⁶⁸
695 3843 1067 3920 benedicas,
1099 3841 1420 3926 purifices,
1449 3861 1811 3920 consecreS,
1840 3850 1912 3907 et
1940 3861 2375 3918 consummes,
2407 3841 2648 3924 quibus

447 3945 619 4010 inter
662 3965 782 4010 nos
827 3956 894 4010 et
912 3944 964 3984 ⁶⁹
1014 3955 1353 4010 aeternam
1399 3946 1721 4010 unitatem
1768 3947 1835 4008 in
1879 3964 2189 4027 supremo
2235 3955 2459 4010 meatu
2505 3946 2646 4010 sine

447 4048 578 4114 fine
608 4059 908 4115 constare
943 4050 1285 4114 credimus
1377 4049 1518 4114 Per.

1155 4203 1510 4288 Praefatio
1535 4203 1932 4268 chrism'alis.

536 4324 824 4391 Oremus
840 4325 914 4404 ⁶⁰,
962 4324 1196 4390 fratres
1255 4324 1594 4401 carissimi,
1647 4333 1723 4388 ut
1784 4323 1971 4389 Deus
2028 4327 2456 4410 omnipotens
2516 4326 2645 4392 hoc
2696 4345 2838 4395 Miss.

447 4428 886 4495 ministerium
931 4429 1224 4512 corporis
1243 4427 1294 4466 ⁶¹
1333 4427 1482 4494 Filii
1523 4428 1626 4494 sui
1660 4429 1929 4492 Domini
1973 4429 2175 4494 nostri
2212 4431 2363 4494 Iesu
2398 4429 2642 4495 Christi
2694 4411 3008 4528 ffffiffifff·

446 4533 750 4618 gerulum
815 4533 1292 4612 benedictione,
1352 4531 1891 4598 sanctificationis
1955 4535 2299 4612 tutamine,
2360 4534 2642 4599 defensi·
2696 4541 2823 4605 Egb.
2848 4516 2928 4605 48]
2972 4515 2985 4527 ⁸

449 4636 598 4700 onis
641 4637 1001 4700 donatione
1020 4633 1078 4674 ⁶²
1125 4636 1400 4720 implere
1450 4635 1762 4720 dignetur
1814 4637 2157 4700 orantibus
2216 4637 2425 4703 nobis·
2520 4639 2643 4704 Per
2694 4607 2857 4657 Leost.
2880 4621 2991 4657 ²²²⁶

455 4739 842 4806 Dominum.
