3342 5392
1325 435 1792 491 APPENDIX.
2534 441 2616 508 32
2620 437 2660 505 5

1153 600 1370 678 Incipit
1393 603 1454 660 in
1485 598 1903 678 Septuagesima
1926 597 1969 661 ι.
2718 604 2869 656 Gerb.

660 716 826 778 Deus
865 717 966 795 qui
1007 735 1113 794 per
1151 715 1506 776 ineffabilem
2720 687 2807 737 pp.
2832 683 2915 734 δ”
2932 682 3011 733 ³³⁸

662 815 941 876 Concede
983 834 1040 893 q.
1083 833 1140 876 o.
1183 814 1258 873 D.
1303 815 1592 892 fragilitati

663 913 940 975 Concede
981 914 1154 974 nobis
1193 931 1272 973 m.
1316 912 1392 972 D.
1436 923 1493 973 et
1531 913 1709 990 digne

625 1011 800 1072 *VD.
838 1011 994 1086 Quia
1034 1031 1139 1090 per
1181 1030 1252 1072 ea
1293 1030 1444 1090 quae
1483 1012 1920 1089 conspiciuntur

667 1111 878 1170 Sacrae
919 1111 1090 1171 nobis
1130 1129 1188 1188 q.
1231 1110 1383 1170 Dne.
1425 1128 1666 1170 mensae

665 1207 876 1270 Preces
917 1209 1118 1288 populi
1161 1211 1244 1269 tui
1285 1207 1441 1271 Dne.
1481 1208 1793 1269 clementer

1070 1357 1148 1417 In
1176 1356 1550 1435 Sexagesima
1577 1357 1660 1416 ad
1682 1354 1746 1416 S.
1773 1356 2042 1416 Paulum.
2719 1359 2877 1412 Gerb.
2890 1375 2939 1426 p.
2954 1372 3031 1422 33.

662 1473 828 1534 Deus
865 1475 966 1553 qui
1007 1473 1302 1551 conspicis
1342 1473 1478 1552 quia
1518 1491 1592 1533 ex
1634 1471 1793 1531 nulla

665 1572 864 1632 Tuere
904 1592 963 1651 q.
1004 1570 1159 1632 Dne.
1202 1571 1434 1650 plebem
1475 1580 1638 1632 tuam
1678 1579 1737 1629 et
1780 1587 2008 1631 sacram

627 1671 910 1731 *Intende
951 1690 1007 1749 q.
1050 1671 1200 1731 Dne.
1248 1669 1500 1730 hostiam
1544 1668 1795 1730 familiae

625 1768 797 1827 *VD.
839 1768 960 1843 Qui
1002 1769 1410 1830 rationabilem
1451 1777 1779 1829 creaturam

663 1867 751 1927 Sit
790 1869 961 1927 nobis
1001 1887 1059 1945 q.
1103 1865 1256 1928 Dne.
1296 1867 1466 1928 cibus
1505 1884 1676 1926 sacer

665 1966 833 2044 Rege
873 1983 934 2044 q.
977 1965 1130 2025 Dne.
1171 1965 1459 2044 populum
1498 1975 1666 2024 tuum

1002 2111 1081 2172 In
1127 2111 1604 2191 Quinquagesima
1644 2114 1727 2171 ad
1762 2111 1828 2172 S.
1870 2110 2131 2174 Petrum.
2724 2113 2879 2165 Gerb.
2890 2131 2939 2180 p.
2958 2125 3035 2177 34.

666 2228 876 2288 Preces
915 2237 1148 2290 nostras
1189 2247 1247 2306 q.
1287 2227 1444 2288 Dne.
1485 2227 1801 2288 clementer
1842 2227 2057 2287 exaudi-

661 2321 847 2382 Aufer
888 2340 925 2382 a
964 2322 1136 2383 nobis
1175 2320 1330 2383 Dne.
1373 2341 1432 2400 q.
1474 2321 1809 2399 iniquitates

666 2419 1026 2480 Sacrificium
1066 2419 1219 2479 Dne.
1262 2419 1662 2480 observantiae
1702 2417 1995 2497 paschalis

625 2517 796 2578 *VD.
833 2517 918 2578 Ut
957 2517 1264 2579 modulum
1304 2528 1567 2578 terrenae

625 2615 894 2694 *Repleti
933 2633 1135 2676 sumus
1175 2614 1326 2675 Dne.
1369 2615 1662 2675 donorum
1705 2612 2147 2696 participatione

663 2714 758 2775 De
799 2715 1166 2776 multitudine
1207 2713 1638 2774 misericordiae

915 2876 1105 2962 [Ordo
1145 2881 1458 2959 Agentibus
1485 2881 1773 2958 publicam
1801 2881 2215 2958 poenitentiam.
2726 2883 2838 2932 Not
2858 2883 2913 2933 in

663 2995 922 3074 Suscipis
959 3015 1081 3055 eum
1123 2997 1189 3056 vi
1199 2996 1390 3074 stria,
1433 3003 1526 3055 etc.
2724 2948 2883 2998 Gerb.

945 3143 1241 3204 Orationes
1277 3151 1332 3202 et
1354 3153 1550 3220 preces
1586 3154 1757 3222 super
1784 3144 2169 3221 poenitentem.
2724 3139 2911 3256 geotbin

665 3257 898 3320 Exaudi
936 3258 1088 3352 Dne.
1132 3277 1334 3337 preces
1373 3267 1599 3319 nostras
1640 3269 1701 3320 et
1739 3259 2147 3320 confitentium
2808 3221 2833 3254 r
2870 3241 2883 3255 ”

665 3357 1004 3418 Praeveniat
1045 3355 1204 3416 hunc
1243 3356 1534 3416 famulum

665 3456 892 3516 Adesto
932 3453 1082 3515 Dne.
1125 3455 1649 3532 supplicationibus
1690 3455 1904 3517 nostris
1944 3473 2055 3516 nec
2098 3457 2172 3516 sit

665 3554 924 3615 Domine
964 3552 1042 3611 D.
1085 3561 1286 3613 noster
1325 3553 1428 3630 qui
1469 3553 1801 3614 offensione

668 3653 884 3713 Precor
923 3651 1074 3712 Dne.
1115 3651 1485 3713 clementiam
1523 3662 1660 3712 tuae
1700 3648 2044 3734 maiestatis]

704 3801 889 3862 Feria
929 3801 988 3860 iv
1029 3807 1201 3879 caput
1237 3801 1300 3859 de
1341 3799 1598 3860 Ieium’zlr.
1682 3800 1865 3862 Statio
1902 3801 1987 3860 ad
2021 3799 2089 3863 S.
2130 3799 2429 3862 Sabinam.
2726 3795 2881 3852 Gab.
2894 3812 3035 3864 P03-i·

1319 3899 1425 3958 Ad
1463 3897 1785 3962 Collectam.

667 4014 948 4077 Concede
987 4016 1162 4076 nobis
1201 4015 1355 4076 Dne.
1397 4015 1687 4094 praesidia

1363 4140 1470 4200 Ad
1501 4138 1773 4200 Mis-sam.

672 4255 910 4316 Praesta
950 4253 1106 4316 Dne.
1145 4255 1411 4316 fidelibus
1452 4254 1567 4316 tuis
1608 4264 1673 4314 ut
1714 4253 2060 4315 ieiuniorum

670 4353 789 4413 Fac
829 4372 942 4414 nos
983 4371 1044 4431 q.
1084 4353 1236 4413 Dne.
1277 4353 1367 4414 his
1407 4353 1749 4413 muneribus
1791 4352 2107 4413 offerendis

671 4451 806 4512 VD.
851 4451 972 4526 Qui
1012 4451 1296 4529 corporali
1337 4453 1558 4512 ieiunio

671 4549 951 4628 Percepta
991 4550 1164 4611 nobis
1204 4550 1360 4610 Dne.
1402 4550 1723 4628 praebeant

673 4643 871 4705 Tuere
913 4643 1068 4704 Dne.
1107 4644 1392 4723 populum
1435 4654 1598 4704 tuum
1639 4655 1699 4702 et
1738 4645 1821 4702 ab
1856 4641 2131 4704 omnibus

856 4771 875 4800 ¹
907 4774 973 4825 R.
997 4775 1122 4825 adds
1144 4775 1248 4825 Sici.
1276 4774 1350 4826 ad
1365 4773 1486 4824 Sc-n‘t
1510 4811 1522 4823 .
1551 4809 1563 4823 .
1591 4811 1602 4824 .
1627 4787 1699 4822 au
1722 4809 1735 4822 .
1760 4811 1771 4823 .
1800 4807 1815 4824 .
1837 4773 1883 4836 (ἲ
1900 4769 2289 4836 Laurentium).
