3342 5392
765 429 892 512 336
1633 440 2096 500 APPENDIX.

399 608 556 663 Gerb.
1353 602 1656 665 Dorm'm'm
1684 615 1881 666 sancta
1908 609 1991 668 ad
2012 607 2083 672 S.
2108 607 2399 670 Mariam.

399 691 488 740 ¹³¹³·
514 689 694 742 ⁹¹⁹9²’
966 715 1043 775 D.
1083 717 1184 796 qui
1223 717 1506 780 hodierna
1545 721 1642 782 die
1682 741 1789 800 per
1828 723 2215 801 Unigenitum

965 814 1041 876 D.
1085 817 1186 894 qui
1225 818 1498 896 paschale
1539 822 1714 882 nobis
1754 822 2079 884 remedium

968 913 1210 992 Suscipe
1251 935 1310 994 q.
1352 915 1506 978 Dne.
1547 937 1752 997 preces
1793 921 1995 999 populi
2036 921 2119 982 tui
2160 939 2297 982 cum
2337 921 2742 984 oblationibus

927 1012 1096 1074 ΛΠ).
1139 1013 1235 1075 Te
1275 1016 1514 1093 quidem
1553 1019 1719 1078 omni
1759 1029 2023 1098 tempore
2064 1020 2169 1082 sed
2208 1022 2271 1080 in
2310 1021 2427 1083 hoc

965 1111 1484 1174 communicantes
1523 1127 1582 1176 et
1624 1115 1783 1177 diem

964 1209 1142 1272 Hanc
1184 1212 1359 1289 igitur
1398 1211 1490 1292 (ut
1522 1213 1747 1294 supra.)

924 1308 1243 1386 *Spiritum
1283 1311 1344 1369 in
1386 1313 1560 1372 nobis
1601 1312 1755 1374 Dne.
1798 1323 1935 1375 tuae
1974 1316 2227 1378 caritatis

962 1405 1042 1468 Ο.
1087 1425 1134 1468 s.
1175 1403 1258 1469 D.
1296 1409 1396 1488 qui
1437 1409 1514 1469 ad
1555 1421 1854 1474 aeternam
1894 1413 2072 1473 vitam

1407 1542 1516 1601 Ad
1533 1554 1813 1622 vesperum
1842 1545 1925 1604 ad
1946 1544 2013 1606 S.
2041 1544 2322 1607 Ioannem.

925 1654 1238 1717 *Concede
1278 1675 1338 1736 q.
1379 1676 1436 1718 o.
1479 1656 1558 1719 D.
1599 1669 1663 1720 ut
1704 1661 1806 1738 qui
1846 1661 2287 1722 resurrectionis

1694 1792 1803 1852 Ad
1814 1794 2031 1873 sontes.

964 1903 1204 1966 Praesta
1245 1924 1302 1985 q.
1345 1924 1400 1966 o.
1445 1907 1520 1967 D.
1565 1918 1630 1968 ut
1671 1908 1773 1988 qui
1814 1909 2252 1970 resurrectionis

1573 2041 1681 2100 Ad
1714 2039 1781 2102 S.
1808 2041 2123 2102 Andream.

962 2154 1198 2214 Praesta
1237 2173 1296 2234 q.
1342 2173 1398 2215 0.
1442 2154 1516 2214 D.
1561 2168 1625 2216 ut
1664 2156 1769 2234 qui
1808 2157 2057 2236 gratiam

923 2251 1036 2314 παῖ).
1077 2253 1180 2332 qui
1220 2271 1332 2314 nos
1373 2253 1554 2314 fecisti
1595 2255 1882 2316 hodierna
1922 2255 2017 2316 die

396 2429 549 2479 Gerb.
1457 2421 1639 2483 Γαῖα
1666 2419 1853 2505 1'1'[ad
1876 2420 1939 2483 S.
1968 2420 2235 2504 Petrum]
2260 2421 2281 2454 ¹

395 2510 481 2560 pp.
503 2506 586 2559 ⁹3⁹
601 2506 684 2558 ⁹⁴*
963 2537 1040 2598 D.
1081 2539 1181 2617 qui
1224 2539 1588 2601 solemnitate
1627 2539 1887 2618 paschali
1927 2538 2153 2600 mundo

924 2636 1240 2699 *Paschale
1280 2640 1618 2717 mysterium
1660 2647 2028 2698 recensentes

966 2735 1278 2798 Paschales
1317 2737 1537 2798 hostias
1575 2746 1946 2798 recensentes

961 2833 1096 2894 VD.
1141 2834 1271 2897 Nos
1311 2837 1536 2915 precari
1573 2836 1943 2897 clementiam
1982 2845 2145 2894 tuam

963 2929 1172 3012 [Hanc
1213 2935 1385 3012 igitur
1423 2942 1491 2994 ut
1522 2931 1751 3016 supra]

921 3032 1274 3110 *ImPleatur
1311 3034 1375 3093 in
1416 3033 1589 3094 nobis
1631 3032 1782 3093 Dne.
1824 3031 2169 3093 sacramenti

796 3148 903 3207 Ad
938 3159 1084 3226 vesp.
1167 3148 1449 3210 Concede
1488 3167 1547 3228 q.
1591 3167 1648 3209 o.
1693 3148 1768 3209 D.
1812 3158 1877 3208 ut
1918 3147 2019 3226 qui
2060 3155 2433 3225 peccatorum

795 3264 905 3325 Ad
914 3264 1130 3343 jbntes.
1211 3264 1288 3325 D.
1329 3267 1432 3343 qui
1471 3265 1757 3344 populum
1798 3274 1962 3324 tuum
1996 3262 2070 3323 de
2111 3261 2295 3322 hostis

797 3380 903 3440 Ad
935 3379 1002 3442 S.
1031 3379 1227 3441 Andr.
1309 3379 1586 3442 Concede
1627 3398 1687 3458 q.
1729 3398 1785 3441 o.
1826 3378 1901 3438 D.
1946 3387 2009 3438 ut
2052 3377 2195 3437 festa
2236 3375 2528 3456 paschalia
2544 3374 2569 3408 ²

395 3557 550 3609 Gerb.
1444 3544 1626 3605 Ferz'a
1655 3547 1732 3606 1‘1'2'
1751 3545 1833 3603 ad
1854 3544 1919 3605 S.
1946 3545 2221 3604 Paulum.

393 3639 480 3689 pp.
507 3639 588 3690 94·
605 3636 686 3690 95·
957 3660 1033 3722 D.
1073 3662 1172 3740 qui
1213 3661 1520 3722 ecclesiam
1559 3671 1723 3720 tuam
1764 3678 1920 3720 novo
1960 3677 2191 3737 semper
2228 3658 2351 3719 fetu

957 3758 1034 3821 D.
1076 3760 1350 3822 ecclesiae
1391 3771 1523 3820 tuae
1563 3760 1896 3837 redemptor
1938 3769 2117 3837 atque
2160 3767 2451 3835 protector

959 3858 1206 3936 Suscipe
1245 3857 1397 3918 Dne.
1441 3876 1500 3935 q.
1542 3857 1867 3919 oblationes
1908 3856 2159 3918 familiae

957 3956 1092 4016 VD.
1135 3957 1255 4030 Qui
1296 3957 1591 4017 oblatione
1631 3957 1723 4016 sui
1765 3956 2028 4034 corporis

959 4055 1139 4116 Hanc
1179 4055 1350 4133 igitur
1393 4055 1486 4136 (ul
1518 4053 1747 4135 supra.)

921 4154 1234 4216 *Concede
1275 4172 1332 4232 q.
1375 4172 1434 4214 0.
1476 4152 1554 4214 D.
1593 4163 1659 4214 ut
1699 4152 1991 4232 paschalis
2032 4151 2333 4231 perceptio

795 4271 902 4331 Ad
933 4281 1078 4348 vesp.
1161 4255 1438 4331 Concede
1480 4289 1537 4348 q.
1580 4288 1637 4329 ο.
1680 4268 1757 4328 D.
1798 4278 1863 4328 ut
1904 4267 2003 4346 qui
2050 4265 2339 4345 paschalis

758 4388 898 4447 *Ad
911 4389 1124 4468 fontes.
1209 4385 1448 4446 Praesta
1487 4403 1546 4464 q.
1587 4404 1646 4446 o.
1686 4384 1764 4444 D.
1806 4394 1870 4444 ut
1910 4402 2016 4461 per
2054 4382 2199 4442 haec
2238 4377 2532 4459 paschalia

797 4500 933 4585 [Ad
967 4501 1031 4563 S.
1060 4503 1254 4563 Andr.
1335 4500 1410 4562 D.
1457 4502 1556 4580 qui
1598 4500 1888 4578 conspicis
1928 4497 2207 4558 familiam
2245 4491 2436 4576 tuam]

819 4658 838 4686 ¹
872 4661 933 4709 R.
957 4661 1107 4710 omits
1131 4658 1214 4710 the
1235 4657 1399 4707 words
1421 4657 1472 4706 in
1495 4656 1743 4718 brackets,
1764 4653 1977 4720 perhaps
2000 4653 2079 4703 for
2100 4667 2301 4703 reasons
2324 4651 2383 4701 of
2398 4664 2557 4714 space.

820 4724 844 4756 ²
877 4727 937 4776 R.
961 4728 1100 4788 gives
1120 4722 1383 4774 ‘Concede
1404 4739 1454 4786 q.
1477 4738 1525 4772 o.
1549 4720 1632 4770 D.'
1655 4735 1711 4770 as
1744 4719 1835 4771 Ad
1862 4721 2038 4770 Fontes
2060 4719 2159 4769 and
2182 4723 2197 4746 ‘
2213 4719 2279 4768 D.
2302 4717 2386 4783 qni
2410 4712 2684 4781 populum'
2710 4731 2769 4766 aa
2790 4722 2889 4771 Ad
2914 4725 2973 4774 S,

753 4790 1035 4841 Andrean.
