3342 5392
1289 443 1752 501 APPENDIX.

588 609 756 670 ND.
799 607 978 688 Apud
1020 625 1196 687 quem
1239 605 1476 690 [quum]
1518 609 1825 670 beatorum

624 709 796 783 Quos
836 708 1068 770 caelesti
1111 706 1262 766 Dne.
1304 707 1582 768 alimento

421 807 528 866 Ad
562 806 711 886 Vesp.
797 805 1156 884 Apostolicis
1195 822 1308 866 nos
1346 822 1404 883 q.
1446 803 1601 865 Dne.
1643 805 1953 864 beatorum

421 903 559 986 [Ad
595 907 762 984 Vzgt’l.
791 905 957 966 Noct.
1039 905 1118 964 D.
1159 905 1258 983 qui
1298 902 1606 964 ecclesiam
1647 913 1813 962 tuam
1852 896 2133 982 apostoli]

422 1001 559 1087 [Ad
577 1003 796 1066 Malui.
878 1004 954 1064 D.
994 1005 1097 1083 qui
1136 1001 1356 1080 ligandi
1398 1001 1775 1080 solvendique

831 1171 912 1229 iii
929 1167 1072 1229 Kal.
1099 1168 1216 1230 Iul.
1245 1165 1421 1250 [Nat.
1445 1167 1642 1246 Apost.
1668 1166 1845 1227 Petri
1864 1173 1917 1226 ct
1937 1161 2153 1247 Pauli]
2174 1163 2211 1225 ¹.

625 1285 702 1348 D.
746 1285 848 1364 qui
889 1284 1228 1345 hodiernam
1270 1284 1429 1344 diem
1467 1282 1870 1362 apostolorum

589 1382 936 1462 *Largiente
975 1393 1036 1444 te
1076 1382 1230 1443 Dne.
1269 1384 1578 1444 beatorum
1621 1379 1779 1440 Petri
1820 1390 1879 1442 et
1920 1378 2087 1439 Pauli

623 1482 870 1543 Hostias
909 1480 1062 1542 Dne.
1103 1499 1252 1560 quas
1291 1481 1517 1542 nomini
1557 1489 1661 1539 tuo
1704 1479 2019 1540 sacrandas

624 1580 760 1644 VD.
841 1580 938 1640 Te
977 1581 1236 1642 Domine
1279 1579 1613 1658 suppliciter
1651 1595 1894 1640 exorare

627 1677 887 1758 Sumptis
930 1677 1079 1739 Dne.
1122 1678 1390 1739 remediis
1429 1677 1797 1756 sempiternis

419 1777 529 1840 Ad
562 1778 713 1858 Vesp.
797 1777 872 1839 Ο.
915 1797 960 1838 s.
1003 1777 1078 1836 D.
1123 1779 1223 1856 qui
1265 1778 1572 1838 ecclesiam
1612 1787 1775 1836 tuam
1816 1775 1878 1835 in
1919 1773 2239 1854 apostolica

1267 1943 1442 2004 Alias
1473 1941 1781 2004 Orationes.

627 2059 702 2121 Ο.
745 2079 794 2122 s.
838 2058 912 2120 D.
955 2060 1056 2138 qui
1096 2075 1206 2122 nos
1245 2059 1550 2118 beatorum
1591 2057 1995 2136 apostolorum

626 2155 962 2241 [Familiam
1001 2167 1164 2217 tuam
1204 2157 1282 2218 D.
1323 2152 1633 2237 propitius]

626 2254 934 2340 [Concede
974 2275 1032 2334 q.
1073 2274 1130 2317 o.
1172 2254 1247 2316 D.
1289 2255 1586 2334 apostolos
1628 2250 1790 2336 tuos]

627 2351 771 2438 [2⁸0.
812 2373 858 2414 s.
899 2352 976 2412 D.
1019 2355 1120 2434 qui
1159 2372 1270 2417 nos
1307 2349 1600 2434 omnium]

1013 2521 1220 2582 Pridie
1245 2518 1386 2580 Kal.
1415 2520 1531 2580 Iul.
1561 2519 1707 2582 Nat.
1737 2519 1801 2581 S.
1829 2519 2029 2580 Pauli.

627 2637 702 2698 D.
746 2639 848 2716 qui
889 2636 1316 2697 multitudinem
1355 2637 1614 2714 gentium

590 2736 1002 2797 *Praeveniant
1042 2737 1214 2796 nobis
1253 2735 1406 2796 Dne.
1445 2753 1508 2814 q.
1549 2735 1803 2814 apostoli

627 2834 926 2912 Perceptis
967 2832 1120 2894 Dne.
1165 2835 1539 2894 sacramentis
1581 2833 1813 2894 subdito
1856 2833 2030 2895 corde

766 2998 864 3084 [vi
882 2999 1037 3062 Non.
1066 2999 1182 3061 Iul.
1212 3000 1354 3061 Nat.
1385 2999 1498 3062 SS.
1533 2999 1804 3060 Processi
1822 3007 1875 3059 et
1896 2999 2271 3062 Martr'm‘ani.

627 3116 706 3176 D.
746 3117 848 3195 qui
889 3133 1000 3176 nos
1041 3125 1374 3175 sanctorum
1415 3126 1649 3176 tuorum
1692 3115 2153 3176 confessionibus

592 3214 870 3292 *Suscipe
913 3213 1066 3272 Dne.
1107 3232 1313 3292 preces
1353 3224 1411 3273 et
1451 3231 1697 3274 munera

631 3313 909 3390 Corporis
951 3313 1099 3371 sacri
1138 3321 1198 3371 et
1238 3312 1474 3389 pretiosi
1515 3308 1843 3392 sanguinis]

1109 3475 1289 3537 Hebd.
1319 3479 1409 3537 vii
1409 3485 1545 3556 post
1567 3477 1932 3539 Pentecosten.

627 3593 708 3656 D.
746 3595 849 3672 qui
891 3594 1260 3672 diligentibus
1299 3603 1360 3654 te
1403 3595 1562 3654 bona
1603 3594 1933 3664 invisibilia⁸

627 3691 704 3752 D.
743 3693 846 3771 qui
885 3693 947 3753 in
987 3693 1201 3752 sanctis
1243 3692 1470 3752 habitas
1512 3701 1568 3752 et
1609 3693 1707 3770 pia
1749 3692 1929 3753 corda

630 3790 950 3869 Propitiare
992 3790 1144 3853 Dne.
1187 3791 1701 3870 supplicationibus
1742 3793 1957 3853 nostris
1997 3802 2054 3853 et
2095 3792 2203 3852 has
2242 3781 2361 3853 obl.

626 3887 762 3948 VD.
803 3888 1025 3950 Verum
1065 3900 1477 3969 aeternumque
1518 3891 1857 3969 pontificem

626 3987 798 4062 Quos
836 3989 1068 4050 caelesti
1111 3989 1264 4050 Dne.
1307 3987 1470 4050 dono
1509 3989 1725 4050 satiasti

689 4147 892 4234 [Prid.
918 4150 1076 4213 Non.
1103 4149 1220 4211 Iul.
1254 4149 1451 4211 Octav.
1478 4150 1893 4229 Apostolorum.
1971 4153 2079 4213 Ad
2100 4153 2375 4238 vincula]

589 4265 700 4326 Δ).
741 4267 905 4327 cuius
943 4267 1182 4328 dextera
1221 4269 1280 4328 b.
1321 4267 1559 4327 Petrum
1602 4268 1936 4346 apostolum

628 4364 946 4426 Offerimus
987 4365 1092 4425 tibi
1133 4364 1283 4425 Dne.
1325 4382 1530 4443 preces
1571 4375 1630 4426 et
1671 4384 1914 4428 munera
1951 4387 2105 4448 quae
2144 4379 2209 4430 ut
2253 4380 2353 4431 tuo

591 4462 848 4542 *Pignus
888 4473 1156 4524 aeternae
1195 4464 1344 4524 vitae
1385 4465 1685 4541 capientes

630 4562 876 4641 Protege
916 4561 1072 4625 Dne.
1113 4563 1399 4641 populum
1439 4574 1604 4623 tuum
1643 4573 1703 4624 et
1744 4565 2139 4642 apostolorum

632 4659 945 4722 Beatorum
987 4661 1388 4741 apostolorum
1429 4661 1580 4723 Dne.
1622 4661 1777 4722 Petri
1820 4673 1876 4723 et
1920 4663 2085 4724 Pauli

1173 4775 1192 4812 ⁸
1227 4775 1287 4826 R.
1313 4775 1402 4826 has
1425 4769 1568 4828 NaH.
1593 4777 1681 4826 δεῖ
1703 4777 1859 4828 Petri.

2492 449 2621 516 349

2677 1181 2837 1231 Gerb.
2856 1196 2949 1246 pp.

2680 1259 2789 1313 144,
2814 1260 2941 1312 145..

2674 1951 2930 2003 CssGerb.

2672 2030 2898 2147 &¹⁴⁵

2672 2513 2825 2564 Gerb.

2672 2595 2724 2644 p.
2756 2577 2866 2644 146.

2676 3007 2833 3059 Gerb.

2676 3089 2731 3138 P·
2762 3085 2876 3137 Ῑ47
2968 3119 2979 3132 .

2679 3502 2831 3554 Gerb.

2677 3585 2728 3634 p.
2760 3569 2868 3632 148.

2672 4173 2827 4225 Gerb.
2854 4189 2937 4239 pp.

2678 4242 2921 4306 147,148.
