3342 5392
380 456 476 506 111.
503 453 630 518 xvi]
1001 452 1429 508 ROMANAE
1471 451 1960 507 ECCLESJAE.
2449 459 2529 527 23
2532 455 2573 523 5

375 617 627 681 minum
657 625 974 681 nostrum.
1041 615 1236 679 Hanc
1270 615 1466 698 igitur
1495 613 1902 680 oblationem
1934 613 2267 680 servitutis
2288 623 2573 687 nostrae,

371 722 489 785 sed
545 730 613 784 et
659 729 933 784 cunctae
978 718 1266 784 familiae
1310 728 1466 782 tuae
1483 715 1557 792 34,
1607 737 2023 800 quaesumus,
2072 718 2377 793 Domine,
2422 726 2495 781 ut
2520 715 2573 754 ²⁵

372 823 672 907 placatus
708 823 990 906 accipias
1008 819 1078 897 ²⁰,
1112 823 1384 904 diesque
1413 830 1674 885 nostros
1721 822 1787 885 in
1816 833 1931 886 tua
1976 840 2139 904 pace
2170 823 2482 906 disponas
2498 817 2573 895 ²⁷,

373 938 575 1009 atque
624 927 714 992 ab
767 937 1034 991 aeterna
1080 925 1507 992 damnatione
1551 946 1673 991 nos
1718 927 1879 1008 eripi
1900 922 1951 962 33
1988 934 2057 990 et
2100 925 2166 989 in
2210 924 2569 990 electorum

373 1023 639 1095 tuorum
683 1031 908 1095 iubeas
951 1051 1152 1115 grege
1204 1029 1548 1094 numerari.
1641 1029 1765 1093 Per
1812 1028 2148 1093 Christum
2203 1029 2571 1093 Dominum

375 1145 694 1200 nostrum.
773 1134 998 1218 Quam
1040 1133 1444 1199 oblationem
1463 1131 1517 1172 ²⁹
1550 1145 1641 1209 tu,
1676 1133 1880 1210 Deus,
1912 1134 1979 1197 in
2008 1132 2333 1210 omnibuS,
2368 1154 2571 1216 quae-

375 1259 620 1317 sumus,
643 1239 1079 1314 benedictam,
1109 1239 1528 1322 adscriptam,
1561 1246 1794 1314 ratam,
1828 1237 2309 1313 rationabilem,
2339 1256 2570 1320 accep-

374 1341 778 1426 tabilemque
824 1341 1038 1407 facere
1095 1342 1402 1426 digneris,
1456 1352 1531 1406 ut
1553 1339 1610 1378 ³⁰
1658 1341 1854 1404 nobis
1901 1360 2140 1423 corpus
2186 1349 2257 1405 et
2302 1342 2571 1423 sanguis

375 1445 492 1510 fiat
534 1446 940 1511 dilectissimi
989 1446 1137 1509 Filii
1169 1446 1265 1510 tui
1312 1444 1590 1510 Domini
1641 1444 1770 1507 Dei
1802 1446 2007 1509 nostri
2031 1443 2083 1482 ³¹
2120 1445 2270 1509 Iesu
2304 1443 2569 1509 Christi.

376 1549 512 1633 Qui
552 1551 765 1634 pridie
794 1571 994 1633 quam
1033 1560 1370 1634 pateret-ur
1409 1549 1664 1632 accepit
1684 1545 1739 1586 ³²
1761 1568 2003 1631 panem
2031 1548 2096 1611 in
2127 1547 2464 1613 sanctas³³
2494 1569 2571 1614 ac

374 1655 780 1720 venerabiles
826 1675 1060 1718 manus
1096 1673 1251 1718 suas
1269 1651 1350 1730 34,
1381 1653 1656 1718 elevatis
1701 1650 1907 1717 oculis
1928 1651 1981 1690 33
2013 1652 2077 1716 in
2118 1652 2373 1716 caelum
2398 1651 2453 1690 33
2485 1652 2571 1716 ad

373 1768 442 1824 te
475 1759 696 1823 Deum
735 1759 996 1824 Patrem
1035 1777 1228 1822 suum
1265 1757 1812 1840 omnipotentem,
1840 1757 1963 1821 tibi
1994 1755 2243 1840 gratias
2272 1776 2476 1838 agens
2494 1754 2571 1833 ³⁷,

373 1863 740 1935 benedixit,
791 1863 1006 1944 fregit,
1062 1862 1249 1926 dedit
1307 1861 1645 1944 discipulis
1664 1859 1718 1899 33
1765 1862 1919 1936 suis,
1972 1860 2217 1934 dicenS,
2266 1859 2573 1944 Accipite

371 1977 440 2030 et
472 1967 864 2030 manducate
892 1986 980 2029 ex
1011 1964 1140 2029 hoc
1170 1985 1419 2028 omnes.
1476 1964 1628 2029 Hoc
1659 1973 1762 2027 est
1791 1964 1967 2027 enim
1988 1963 2041 2002 ³⁹
2064 1984 2300 2046 corpus
2332 1984 2571 2029 meum.

377 2068 592 2134 Simili
637 2070 860 2147 modo,
912 2078 1346 2153 posteaquam
1373 2067 1429 2106 4⁰
1488 2077 1840 2133 coenatum
1886 2076 2006 2144 est,
2049 2069 2380 2150 accipiens
2403 2065 2457 2106 ³²
2503 2079 2572 2133 et

375 2173 552 2237 hunc
581 2172 990 2256 praeclarum
1023 2172 1295 2238 calicem
1328 2172 1397 2236 in
1431 2181 1697 2236 sanctas
1716 2191 1794 2234 ac
1818 2168 1872 2208 ⁴¹
1897 2171 2303 2236 venerabiles
2338 2191 2570 2235 manus

0 2335 2 2360 ;
375 2296 546 2352 suaS,
586 2277 745 2340 item
798 2277 920 2342 tibi
981 2276 1232 2358 gratias
1291 2296 1517 2359 agens,
1566 2274 1933 2351 benedixit,
1986 2275 2173 2340 dedit
2231 2274 2571 2359 discipulis

375 2379 511 2456 suis
527 2377 599 2459 43,
644 2379 886 2454 dicenS,
928 2379 1236 2462 Accipite
1293 2389 1360 2443 et
1409 2378 1615 2444 bibite
1658 2399 1747 2443 ex
1792 2376 1954 2443 eo⁴³
2000 2399 2272 2444 omnes:
2318 2377 2424 2444 hic
2469 2389 2571 2444 est

375 2484 550 2548 enim
613 2484 788 2550 calix
847 2483 1186 2566 sanguinis
1247 2484 1374 2547 mei
1434 2484 1586 2547 novi
1652 2491 1719 2547 et
1742 2479 1802 2520 44
1864 2485 2110 2547 aeterni
2168 2485 2569 2562 testamenti,

378 2588 765 2671 mysterium
812 2586 985 2666 fidei,
1014 2588 1127 2670 qui
1171 2607 1292 2670 pro
1335 2587 1524 2652 vobis
1569 2596 1636 2650 et
1682 2606 1806 2669 pro
1850 2587 2075 2650 multis
2118 2585 2497 2651 effundetur
2513 2585 2571 2624 43

0 2653 10 2834 Ῐ
227 2697 348 2752 697
375 2692 442 2755 in
464 2724 487 2747 ι
515 2691 969 2756 remissionem
988 2690 1040 2730 43
1093 2699 1534 2774 peccatorum.
1628 2689 1817 2755 Haec
1875 2691 2423 2773 quotiescumque
2479 2691 2569 2755 se-

373 2796 590 2861 ceritis
633 2796 700 2858 in
755 2795 884 2858 mei
933 2794 1318 2858 memoriam
1365 2793 1616 2858 facietis
1633 2791 1711 2857 4⁷.
1806 2793 2005 2858 Unde
2022 2792 2080 2831 43
2126 2803 2193 2858 et
2246 2814 2571 2858 memores

375 2919 604 2963 sumus
621 2896 697 2974 ⁴⁹,
745 2898 1049 2977 Domine,
1098 2917 1218 2962 nos
1259 2899 1360 2962 tui
1407 2898 1594 2972 servi,
1641 2897 1759 2962 sed
1810 2907 1879 2961 et
1922 2897 2110 2980 plebs
2160 2907 2277 2963 tua
2329 2907 2572 2974 sancta,

379 3002 626 3068 Christi
658 3001 808 3065 Filii
839 3001 938 3065 tui
986 3001 1258 3064 Domini
1301 3001 1430 3070 Dei
1449 2999 1502 3039 ⁵⁰
1529 3002 1737 3066 nostri
1784 3010 1922 3065 tarn
1971 3001 2207 3066 beatae
2251 3002 2573 3085 passionis

378 3124 638 3170 necnon
684 3113 752 3168 et
815 3104 904 3166 ab
956 3102 1178 3167 inseris
1229 3105 1733 3182 resurrectioniS,
1780 3106 1897 3169 sed
1949 3113 2019 3169 et
2068 3105 2136 3167 in
2180 3104 2377 3169 caelis
2425 3105 2573 3188 glo-

375 3210 591 3273 riosae
607 3206 660 3245 ⁶¹
691 3207 1127 3272 ascensionis:
1175 3207 1512 3271 offerimus
1555 3207 1928 3290 praeclarae
1975 3209 2302 3274 maiestati
2322 3206 2377 3246 ⁵²
2418 3219 2573 3274 tuae

375 3313 463 3377 de
520 3311 652 3375 tuis
700 3311 892 3376 donis
939 3329 1017 3372 ac
1068 3311 1243 3375 datis
1288 3310 1572 3376 hostiam
1620 3330 1871 3393 puram,
1919 3310 2203 3376 hostiam
2252 3323 2572 3388 sanctam,

377 3416 662 3480 hostiam
711 3413 1224 3492 immaculatam,
1269 3435 1510 3498 panem
1563 3425 1867 3480 sanctum
1918 3416 2094 3481 vitae
2140 3426 2447 3480 aeternae
2504 3426 2573 3480 et

376 3520 646 3585 calicem
677 3519 906 3583 salutis
935 3528 1291 3603 perpetuae
1311 3517 1386 3580 33.
1475 3516 1691 3601 Supra
1722 3538 1892 3601 quae
1919 3520 2208 3604 propitio
2238 3540 2316 3585 ac
2344 3540 2575 3584 sereno

376 3622 563 3689 vultu
631 3622 952 3705 respicere
971 3619 1026 3660 34
1087 3622 1377 3704 digneris
1393 3619 1464 3697 ⁵⁵,
1524 3631 1594 3686 et
1651 3631 1928 3705 accepta
1950 3621 2003 3661 33
2056 3623 2321 3699 habere,
2380 3624 2574 3689 sicuti

375 3737 652 3810 accepta
667 3725 722 3765 33
751 3727 999 3791 habere
1043 3727 1355 3809 dignatus
1401 3746 1472 3788 es
1517 3745 1791 3790 munera
1832 3727 2015 3809 pueri
2046 3729 2144 3792 tui
2177 3729 2327 3793 iusti
2373 3727 2575 3806 Abel,

377 3840 447 3896 et
503 3829 891 3896 sacrificium
958 3829 1370 3913 patriarchae
1429 3831 1634 3895 nostri
1690 3830 2024 3908 Abrahae,
2086 3841 2152 3896 et
2212 3832 2392 3914 quod
2451 3832 2572 3895 tibi

376 3934 619 4000 obtulit
693 3955 993 3999 summus
1066 3935 1370 4000 sacerdos
1447 3943 1600 3998 tuus
1684 3934 2194 4010 Melchisedech,
2270 3945 2574 4001 sanctum

377 4037 787 4114 sacrificium,
817 4038 1309 4104 immaculatam
1341 4038 1647 4102 hostiam.
1741 4037 2087 4121 Supplices
2134 4048 2201 4102 te
2246 4059 2575 4122 rogamuS,

374 4142 798 4225 omnipotens
850 4142 1055 4220 Deus,
1107 4143 1262 4207 iube
1311 4141 1476 4207 haec
1526 4141 1793 4226 perferri
1848 4165 1966 4227 per
2013 4163 2247 4207 manus
2266 4139 2317 4182 ⁶⁷
2354 4145 2573 4226 angeli

375 4247 474 4312 tui
519 4247 586 4309 in
631 4246 911 4310 sublime
953 4244 1160 4311 altare
1202 4244 1468 4310 tuum⁵⁸
1515 4247 1580 4310 in
1625 4258 1979 4329 conspectu
2022 4248 2283 4312 divinae
2337 4251 2571 4313 maies-

375 4350 534 4415 tatis
563 4360 737 4427 tuae,
761 4361 836 4415 ut
864 4360 1198 4433 quotquot
1229 4371 1317 4416 ex
1348 4351 1473 4415 hac
1493 4350 1542 4388 ⁵⁰
1573 4350 1802 4416 altaris
1826 4352 2327 4434 participatione
2350 4371 2570 4416 sacro-

374 4464 678 4518 sanctum
719 4453 868 4517 Filii
913 4456 1008 4518 tui
1055 4475 1292 4536 corpus
1338 4464 1404 4517 et
1450 4456 1836 4536 sanguinem
1878 4457 2347 4537 sumpserimus
2390 4457 2569 4520 omni

0 4571 3 4612 ¹
375 4557 900 4621 benedictione⁰⁰
930 4557 1196 4622 caelesti
1227 4557 1356 4622 et⁶¹
1387 4560 1600 4641 gratia
1620 4559 2007 4642 repleamur.
2078 4559 2201 4623 Per
2233 4558 2570 4623 Christum

378 4661 740 4724 Dominum
775 4672 1090 4726 nostrum.
1180 4659 1406 4725 Amen
1426 4659 1498 4725 ⁶².

469 4764 680 4831 Nobis
725 4785 988 4849 quoque
1035 4765 1505 4850 peccatoribu5‚
1541 4764 1804 4829 famulis
1836 4766 1983 4843 tuiS,
2018 4767 2102 4831 de
2151 4765 2571 4830 multitudine
