3342 5392
299 602 416 653 xxvi
434 602 593 667 infra.

302 928 442 1005 Pssffi·
468 941 580 991 3⁴²·

302 1010 424 1043 :tv-m
439 1002 612 1124 safra.

302 1076 400 1109 xxv
424 1075 483 1109 m
509 1076 587 1108 ra.

304 1125 459 1175 xxviii
481 1124 580 1191 insi

306 2508 533 2560 Martene

305 2575 458 2653 lib31.
483 2591 595 2640 cap.

303 2654 409 2689 vm.

309 2707 462 2758 Gerb.
472 2706 526 2756 ii.
539 2720 618 2769 40.

323 4636 465 4685 Missa

319 4701 495 4753 Franc.
513 4700 627 4765 607.

664 434 747 481 22
1229 424 1486 479 LIBER
1525 423 1632 479 SA
1639 423 2055 481 CRAMENT
2054 426 2303 481 ORUM
2674 432 2743 497 [1.
2767 448 2855 483 xx.

751 588 862 653 Da
917 588 1109 653 nobis
1173 588 1683 668 observantiam,
1738 590 2031 653 Domine
2054 590 2097 665 ⁶,
2155 590 2456 674 legitima
2506 592 2863 656 devotione

663 694 1040 777 perfectam,
1077 701 1152 756 ut
1190 714 1343 757 cum
1363 692 1389 733 ⁷
1431 693 1873 759 refrenatione
1910 692 2191 759 carnalis
2234 695 2604 775 alimoniae,
2634 706 2864 761 sancta

663 798 785 861 tibi
815 798 1314 862 conversatione
1342 798 1741 881 placeamus.
1833 799 1977 863 Per.

752 917 1193 1000 Omnipotens
1222 919 1618 999 sempiterne
1660 919 1866 996 DeuS,
1894 918 2009 1001 qui
2042 939 2159 1001 per
2186 919 2655 985 continentiam
2686 920 2861 985 salu-

667 1034 876 1088 tarem
929 1022 1312 1103 corporibus
1365 1022 1650 1086 mederis
1695 1032 1765 1088 et
1810 1023 2159 1102 mentibuS,
2212 1024 2629 1089 maiestatem
2675 1028 2863 1088 tuam

665 1126 1048 1210 suppliciter
1098 1146 1472 1203 exoramus,
1519 1134 1593 1191 ut
1637 1127 1751 1209 pia
1810 1128 2240 1191 ieiunantium
2298 1128 2679 1211 precatione
2722 1128 2864 1211 pla-

665 1242 868 1309 catus,
917 1239 984 1294 et
1042 1230 1436 1313 temporalia
1479 1230 1777 1295 subsidia
1822 1231 2015 1296 nobis
2066 1230 2319 1297 tribuas
2338 1232 2363 1271 ⁸
2411 1232 2521 1296 et⁹
2572 1241 2861 1295 aeterna.

665 1335 808 1399 Per.
838 1361 881 1416 γ

733 1472 750 1501 1
775 1472 984 1536 pateris,
1006 1471 1094 1520 sed
1107 1478 1328 1535 expectas
1359 1478 1420 1520 ut
1449 1477 1811 1521 convertantur
1832 1472 1970 1521 Pam.
1996 1470 2131 1521 Men.
2152 1486 2167 1529 ς
2199 1470 2266 1519 V.
2289 1471 2353 1521 R.
2376 1470 2427 1521 S.
2452 1470 2605 1521 Gerb.
2629 1471 2781 1521 Leon.
2808 1488 2865 1521 as

665 1544 784 1588 text.
948 1535 968 1564 ²
1001 1545 1282 1586 nostrornm
1306 1537 1398 1593 V.;
1431 1537 1584 1586 Leon.
1612 1552 1670 1586 as
1692 1544 1810 1586 text.
1972 1537 1992 1565 ⁸
2026 1544 2087 1585 ut
2108 1537 2263 1587 Leon.
2426 1535 2446 1565 ¹
2478 1537 2781 1586 tribuantur
2802 1538 2863 1586 V.

666 1604 687 1633 ⁵
718 1602 790 1651 ad
807 1602 868 1650 V.
895 1602 1040 1665 (corr.
1064 1602 1133 1665 by
1171 1602 1470 1663 Tommasi).
1728 1600 1749 1629 ⁸
1783 1603 2002 1652 Domine
2022 1618 2324 1667 quaesumus
2344 1602 2707 1652 observantiam
2730 1602 2792 1651 V.
2814 1602 2865 1652 in

665 1668 781 1718 xxvi
804 1668 964 1731 infra.
1128 1666 1148 1695 '
1183 1668 1244 1717 V.
1270 1668 1386 1716 xxvi
1409 1665 1555 1731 infra
1577 1667 1728 1717 omits
1748 1683 1892 1717 cum:
1928 1669 2043 1717 here
2064 1684 2119 1717 as
2142 1675 2258 1717 text.
2424 1665 2446 1694 ⁸
2465 1668 2704 1731 praebeas
2727 1668 2789 1717 V.
2813 1670 2865 1717 in

666 1734 786 1783 xviii
809 1742 980 1799 supra,
1005 1748 1103 1783 xxv
1125 1732 1288 1798 infra,
1309 1734 1450 1783 Pam.
1645 1732 1666 1762 ⁹
1702 1736 1763 1783 V.
1788 1734 1939 1783 omits
1959 1740 2006 1783 et
2025 1734 2161 1793 here,
2185 1733 2273 1783 but
2296 1734 2385 1784 has
2406 1733 2448 1783 it
2470 1734 2524 1782 in
2546 1734 2668 1782 xviii
2688 1740 2859 1799 supra.

1689 2022 1840 2081 XX.

665 2155 888 2221 ORDo
913 2152 935 2191 ¹
987 2168 1376 2233 QUALITER
1418 2168 1500 2219 m
1547 2156 1889 2221 ROMANA
1936 2169 2147 2220 sams
2192 2170 2695 2222 uos-rouen
2742 2169 2865 2220 Ec-

840 2273 1103 2325 CLESIA
1193 2273 1671 2339 PRESBYTERI,
1760 2274 2098 2340 DIACON1‚
2178 2274 2324 2325 VEL
2411 2273 2867 2328 SUBDIACONI

839 2376 1198 2427 ELIGENDI
1243 2376 1458 2429 SUNT.

755 2502 1014 2567 Mensis
1043 2504 1274 2584 p'rimi,
1310 2503 1550 2584 quarti,
1585 2502 1851 2585 septimi
1882 2512 1949 2568 et
1981 2501 2219 2567 decimi
2236 2499 2261 2537 ²
2300 2500 2735 2567 sabbatorum
2761 2502 2871 2567 die

671 2608 741 2671 in
801 2607 909 2670 xii
963 2606 1256 2672 lectiones
1278 2605 1305 2644 ³
1363 2605 1459 2671 ad
1506 2616 1807 2671 sanctum
1865 2607 2159 2685 Petrum,
2216 2605 2330 2669 ubi
2377 2608 2613 2670 missas
2630 2602 2661 2642 4
2718 2606 2871 2670 cele-

671 2711 970 2788 brantur,
1013 2719 1356 2794 postquam
1389 2710 1813 2793 antiphonam
1850 2710 1946 2776 ad
1979 2711 2326 2775 introitum
2357 2710 2667 2789 dixerint,
2708 2710 2871 2775 data

671 2816 963 2879 oratione
990 2815 1348 2879 annuntiat
1362 2814 1388 2851 ⁶
1403 2814 1711 2897 pontifex
1739 2816 1809 2879 in
1830 2814 2060 2897 populo
2082 2814 2108 2852 ⁶
2135 2814 2385 2879 dicens:

763 2934 1160 3000 Auxiliante
1193 2935 1486 2999 Domino
1512 2935 1664 3000 Deo
1687 2944 1755 3001 et
1786 2934 2132 3000 Salvatore
2156 2944 2380 2999 nostro
2406 2931 2557 2998 Iesu
2582 2930 2872 2999 Christ0.

761 3058 1013 3121 Iterum
1044 3058 1287 3122 iterum
1303 3054 1330 3095 ⁷
1355 3056 1524 3121 dicit
1541 3078 1569 3121 .·

763 3177 1157 3242 Auxiliante
1175 3177 1476 3241 Domino
1498 3177 1653 3242 Deo
1684 3187 1753 3241 et
1785 3175 2133 3241 Salvatore
2153 3187 2380 3242 nostro
2406 3176 2553 3241 Iesu
2588 3177 2871 3254 Christ0,

674 3282 994 3365 elegimus
1026 3282 1091 3345 in
1131 3279 1400 3345 ordine⁸
1445 3280 1732 3345 diaconii
1756 3280 1779 3317 ⁹
1816 3282 1957 3345 sive
1993 3282 2384 3364 presbyterii
2408 3281 2463 3319 ¹⁰
2498 3281 2688 3347 illum
2715 3282 2871 3345 sub-

675 3388 1031 3451 diaconum
1059 3386 1200 3450 sive
1222 3386 1574 3449 diaconum
1601 3385 1688 3448 de
1715 3384 1983 3449 titulum
2016 3385 2202 3450 illum
2226 3381 2297 3447 ¹¹.
2362 3385 2436 3450 Si
2467 3387 2615 3467 quis
2644 3394 2870 3449 autem

673 3490 876 3555 habet
905 3489 1152 3572 aliquid
1176 3498 1407 3553 contra
1423 3488 1546 3551 hos
1575 3489 1771 3564 vir03‚
1803 3508 1924 3570 pro
1946 3489 2094 3552 Deo
2112 3487 2163 3527 ¹²
2188 3501 2255 3553 et
2277 3498 2551 3573 propter
2576 3489 2794 3553 Deum
2820 3484 2873 3523 ¹²

677 3614 827 3659 cum
875 3592 1114 3657 fiducia
1152 3602 1354 3657 exeat
1388 3603 1457 3657 et
1497 3592 1695 3658 dicat.
1783 3592 2261 3658 Verumtamen
2294 3613 2550 3657 memor
2575 3593 2663 3657 sit
2693 3611 2874 3656 com-

675 3698 1002 3761 munionis
1029 3716 1203 3761 suae.
1246 3723 1289 3778 γ
1361 3700 1370 3709 ‘

762 3820 868 3882 Et
908 3828 1061 3902 post
1118 3817 1442 3881 modicum
1501 3816 1925 3882 intervallum
1994 3838 2147 3881 mox
2204 3818 2522 3899 incipiant
2540 3814 2595 3855 ¹³
2662 3837 2877 3882 omnes

678 3922 901 4005 Kyrie¹
939 3923 1188 3987 eleison
1213 3919 1268 3959 ¹⁴
1312 3942 1460 3985 cum
1502 3922 1793 3986 litania*
1881 3920 2033 3985 Hac
2074 3920 2322 4004 expleta
2360 3921 2715 3985 ascendunt
2750 3922 2881 4002 ipsi
2904 3932 3021 3987 513

676 4028 859 4091 electi
885 4026 980 4090 ad
999 4025 1208 4090 sedem
1231 4025 1576 4109 pontificis,
1605 4036 1672 4089 et
1700 4025 2012 4089 benedicit
2035 4046 2139 4089 eos
2172 4046 2215 4088 a
2244 4046 2365 4107 quo
2390 4022 2437 4061 ¹⁵
2470 4028 2684 4089 vocati
2706 4034 2877 4102 sunt,

677 4141 743 4196 et
766 4130 1166 4195 descendunt.
1262 4130 1468 4193 Stant
1505 4131 1573 4193 in
1614 4128 1843 4194 ordine
1881 4150 1997 4193 suo
2016 4127 2067 4167 ¹⁶
2105 4128 2533 4193 benedictione
2561 4138 2876 4211 percepta.

681 4236 808 4299 Per
838 4233 1202 4298 Dominum
1223 4231 1293 4296 ¹⁷.
1388 4234 1706 4315 Sequitur
1734 4234 1947 4298 oratio
1961 4234 2042 4298 de
2062 4232 2529 4297 Benedictione.
2591 4234 2879 4315 Require

679 4340 887 4422 ipsam
919 4340 990 4404 in
1019 4348 1252 4421 quarto
1281 4345 1403 4401 aut
1425 4337 1670 4402 decimo
1705 4360 1932 4403 mense.

1248 4508 1370 4573 Ad
1391 4509 1790 4575 ordinandos
1802 4509 2208 4593 presbyteros
2228 4506 2297 4573 ¹⁸.

770 4631 1071 4710 Oremus,
1121 4629 1547 4705 dilectissimi,
1601 4630 1823 4694 Deum
1880 4630 2141 4693 Patrem
2195 4630 2740 4711 omnipotentem,
2804 4639 2877 4691 ut

684 4757 880 4819 super
921 4736 1043 4800 hos
1079 4732 1362 4799 famulos
1406 4755 1578 4814 su03,
1610 4754 1778 4815 quos
1818 4735 1900 4799 ad
1950 4734 2343 4817 presbyterii
2382 4753 2623 4798 munus
2660 4732 2876 4815 elegit,
