3342 5392
399 436 442 486 1.
459 434 664 501 xxxvi]
1028 433 1454 491 ROMANAE
1494 432 1985 491 ECCLESIAE.
2512 444 2597 514 59

479 598 594 665 ΕΤ
641 610 964 664 nmrrm
1013 611 1232 665 Noms
1288 611 1569 663 nasu-A
1635 611 1949 679 NOSTRA,
2016 612 2235 666 meu-r
2292 613 2391 664 ET
2454 612 2599 666 Nos

395 716 854 769 mmm-mus
891 715 1387 771 mmm-omnus
1423 715 1757 769 Nosnus.

483 826 638 890 Hoc
681 832 1042 908 praecepto
1080 822 1460 907 significans
1476 820 1549 902 ²³,
1594 842 1733 889 non
1776 843 1900 889 nos
1944 822 2135 889 aliter
2175 831 2597 909 peccatorum

395 948 595 1013 posse
621 928 886 991 veniam
917 928 1296 1011 promereri,
1327 927 1452 993 nisi
1481 927 1662 1011 prius
1704 948 1826 992 nos
1870 927 1938 991 in
1982 927 2178 991 nobis
2212 927 2597 1010 delinquen-

392 1032 576 1098 tibus
603 1030 746 1095 aliis
763 1026 818 1067 ²⁴
847 1029 1262 1097 relaxemus:
1307 1031 1477 1097 sicut
1507 1031 1574 1095 in
1605 1030 1951 1115 evangelio
1980 1030 2312 1095 Dominus
2330 1027 2384 1070 ²⁵
2414 1032 2597 1105 dicit,

400 1136 549 1199 Nisi
579 1134 965 1199 dimiseritis
1010 1144 1285 1219 peccata
1325 1133 1723 1213 hominibus,
1753 1154 1877 1200 nec
1906 1135 2099 1201 vobis
2145 1134 2341 1201 Pater
2380 1144 2604 1202 vester

395 1240 692 1305 dimittet
720 1248 994 1323 pecoeta
1020 1246 1255 1303 vestra.

485 1376 600 1441 ΕΤ
629 1389 734 1439 NE
763 1388 904 1442 Nos
937 1388 1264 1441 1NDUCAs
1302 1388 1388 1439 m
1421 1389 1993 1443 ΤΕΝΤΑΤῙΟΝΕΜ.

491 1497 571 1562 Id
603 1505 720 1575 est,
753 1518 836 1563 ne
867 1516 990 1561 nos
1020 1495 1292 1581 patiaris
1331 1495 1556 1561 induci
1591 1498 1681 1561 ab
1720 1517 1803 1562 eo
1842 1498 1959 1581 qui
1988 1506 2223 1577 tentat,
2253 1497 2599 1581 pravitatis

398 1609 667 1665 auctore
685 1597 760 1664 ²⁶.
849 1600 1028 1664 Nam
1058 1600 1224 1665 dicit
1257 1600 1599 1683 scriptura,
1631 1600 1820 1666 Deus
1851 1602 2026 1666 enim
2068 1601 2431 1667 intentator
2460 1622 2598 1667 ma-

397 1704 618 1769 lorum
677 1713 781 1769 est
799 1701 870 1771 ²⁷.
958 1702 1286 1768 Diabolus
1344 1724 1504 1770 vero
1555 1702 1959 1784 tentator²⁸;
2031 1705 2117 1770 ad
2169 1724 2367 1788 quem
2421 1706 2601 1769 evin-

399 1808 684 1874 cendum
703 1804 757 1846 ²⁹
799 1806 1134 1873 Dominus
1162 1806 1328 1873 dicit
1346 1806 1419 1883 ⁸⁰,
1449 1806 1753 1892 Vigilate
1780 1818 1849 1873 et
1880 1816 2083 1887 orate,
2117 1829 2203 1875 ne
2230 1808 2486 1874 intretis
2531 1810 2600 1874 in

398 1911 856 1977 tentationem.

488 2048 640 2114 SED
671 2060 946 2113 LIBERA
975 2061 1115 2114 Nos
1144 2061 1196 2112 A
1223 2060 1453 2115 MALO.

489 2169 644 2234 Hoc
689 2169 840 2235 ideo
892 2168 1006 2248 ait,
1037 2169 1195 2251 quia
1237 2169 1417 2234 dixit
1463 2169 1825 2252 apostolus,
1870 2170 2159 2235 Nescitis
2201 2170 2364 2255 quid
2408 2192 2529 2237 vos
2550 2168 2601 2211 ³¹

402 2280 667 2357 oportet
739 2291 946 2337 orare.
1037 2272 1233 2338 Unus
1305 2272 1492 2337 Deus
1506 2270 1562 2311 ³²
1635 2274 2061 2357 omnipotens
2132 2275 2228 2339 ita
2298 2296 2341 2340 a
2411 2274 2606 2339 nobis

403 2378 692 2442 orandus
709 2375 785 2456 33,
827 2386 902 2441 ut
946 2376 1258 2459 quicquid
1301 2375 1591 2441 humana
1637 2376 1955 2461 fragilitas
2002 2397 2233 2443 cavere
2282 2386 2352 2443 et
2394 2378 2607 2444 vitare

402 2500 539 2544 non
568 2476 902 2563 praevalet
919 2478 994 2557 ³⁴,
1023 2480 1150 2544 hoc
1181 2477 1290 2543 ille
1319 2488 1394 2544 ut
1421 2480 1753 2563 possimus
1774 2480 1832 2519 ³⁵
1860 2482 2185 2565 propitius
2214 2481 2407 2547 nobis
2450 2502 2605 2548 con-

403 2582 572 2649 ferre
615 2584 926 2667 dignetur
965 2582 1151 2647 Iesus
1195 2580 1498 2647 Christus
1530 2583 1857 2649 Dominus
1898 2594 2139 2662 noster,
2169 2586 2284 2669 qui
2326 2586 2493 2650 vivit
2535 2594 2604 2650 et

405 2695 639 2769 regnat
670 2686 854 2752 Deus
884 2686 953 2750 in
986 2686 1240 2751 unitate
1271 2685 1556 2771 Spiritus
1594 2688 1809 2754 sancti
1827 2687 1901 2767 33,
1928 2708 2049 2773 per
2081 2689 2305 2755 omnia
2344 2688 2607 2755 saecula

400 2788 832 2857 saeculorum.

491 2895 662 2959 Item
691 2894 1051 2960 annuntiat
1075 2894 1402 2971 diaconus,
1432 2904 1511 2958 ut
1549 2904 1791 2977 supra3
1837 2894 2030 2962 State
2066 2915 2217 2961 cum
2258 2893 2605 2981 disciplina

406 3007 476 3065 et
504 3017 656 3063 cum
687 2997 972 3075 silentio,
1000 2998 1342 3063 audientes
1368 2998 1622 3063 intente
1641 2996 1719 3061 ³⁷.

491 3100 818 3179 Audistis,
865 3098 1294 3178 dilectissimi,
1347 3100 1745 3166 Dominicae
1801 3101 2113 3167 orationis
2170 3110 2399 3168 sancta
2455 3121 2605 3185 my-

407 3204 646 3271 steria:
705 3225 882 3269 nunc
934 3215 1169 3270 euntes
1221 3226 1302 3270 ea
1351 3205 1588 3271 vestris
1636 3205 1949 3271 cordibus
2000 3206 2333 3285 innovate,
2382 3213 2457 3270 ut
2516 3207 2607 3271 ad

408 3309 822 3374 exorandam
840 3316 908 3373 et
930 3308 1017 3372 ad
1040 3308 1535 3393 percipiendam
1559 3307 1689 3372 Dei
1715 3308 2229 3374 misericordiam
2250 3308 2304 3349 ⁸⁸
2335 3307 2607 3394 perfecti

408 3414 479 3478 in
510 3412 781 3478 Christo
811 3432 954 3477 esse
984 3411 1270 3495 possitis,
1363 3413 1612 3478 Potens
1647 3421 1749 3477 est
1788 3412 2120 3479 Dominus
2151 3414 2335 3478 Deus
2370 3423 2609 3491 noster,

409 3516 554 3583 ut⁸⁹
598 3525 666 3582 et
715 3536 836 3581 vos
884 3516 998 3600 qui
1050 3515 1136 3580 ad
1179 3514 1381 3581 fidem
1433 3516 1692 3581 curritis
1739 3517 1824 3581 ad
1872 3516 2206 3582 lavacrum
2254 3537 2466 3600 aquae
2510 3536 2611 3581 re-

407 3620 854 3706 generationis
897 3620 1234 3703 perducat,
1265 3628 1335 3685 et
1379 3640 1502 3685 nos
1545 3619 1661 3703 qui
1679 3618 1738 3657 ⁴⁰
1788 3620 1978 3686 vobis
2022 3620 2411 3705 mysterium
2455 3620 2609 3686 fidei

409 3723 772 3791 catholicae
816 3723 1230 3801 tradidimuS,
1277 3721 1482 3788 una*1
1524 3723 1868 3789 vobiscum
1916 3724 2002 3789 ad
2050 3723 2361 3789 caelestia
2404 3744 2611 3807 regna

410 3826 610 3893 saciat
657 3827 1015 3911 pervenire.
1105 3826 1241 3911 Qui
1287 3828 1452 3892 vivit
1499 3836 1568 3892 et
1617 3837 1852 3910 regnat
1903 3847 2053 3892 cum
2104 3828 2255 3892 Deo
2301 3827 2496 3892 Patre
2540 3828 2609 3893 in

409 3930 666 3997 unitate
696 3930 978 4016 Spiritus
1006 3931 1238 4011 sancti,
1266 3950 1388 4015 per
1413 3929 1638 3996 omnia
1665 3931 1929 3997 saecula
1956 3931 2371 3997 saeculorum
2386 3928 2462 3994 ⁴².

481 4117 498 4147 ¹
532 4116 660 4167 This
690 4116 818 4167 form
848 4116 908 4167 of
932 4118 1222 4167 instruction
1255 4132 1285 4166 a
1321 4132 1464 4182 pears
1493 4116 1543 4165 in
1567 4132 1598 4166 a
1621 4133 1739 4182 very
1759 4118 1950 4168 similar
1970 4116 2123 4183 shape
2145 4118 2195 4168 in
2219 4118 2428 4169 Missale
2450 4118 2610 4170 Galli-

415 4199 614 4241 canum,
638 4184 737 4232 and
770 4182 880 4232 also
912 4182 963 4231 in
998 4183 1251 4233 Gerbert’s
1325 4183 1464 4233 iirich
1497 4182 1606 4233 MS.
1647 4184 1749 4247 (see
1781 4192 1897 4234 note
1926 4184 1943 4212 ¹
1974 4200 2039 4233 on
2071 4186 2204 4234 xxix.
2233 4186 2431 4249 supra).
2500 4184 2612 4235 The

413 4248 563 4299 latter
593 4250 638 4299 is
669 4246 748 4297 for
779 4248 863 4298 the
896 4255 1029 4298 most
1060 4256 1172 4313 part
1203 4248 1256 4297 in
1289 4255 1570 4313 agreement
1593 4248 1717 4299 with
1748 4249 1833 4298 the
1856 4250 2062 4299 Missale
2086 4250 2424 4309 Gallicanum,
2445 4250 2612 4301 where

413 4318 524 4365 that
555 4313 724 4363 diffexs
745 4314 872 4363 from
895 4313 974 4373 V..
1001 4314 1088 4363 but
1112 4313 1375 4364 resembles
1397 4313 1460 4362 V.
1483 4329 1621 4364 more
1655 4312 1842 4378 closely
1864 4316 1915 4365 in
1947 4330 2087 4365 some
2120 4314 2393 4381 important
2426 4316 2609 4381 point&

413 4378 436 4409 3
463 4395 608 4429 sacra
643 4378 793 4429 Gerb.
815 4395 830 4439 ;
863 4378 928 4427 V.
959 4394 1017 4428 as
1047 4386 1179 4435 text;
1220 4379 1360 4429 Miss.
1397 4379 1532 4429 Gall.
1566 4380 1719 4429 omits
1750 4379 1835 4429 the
1866 4380 2031 4430 words
2062 4381 2283 4431 between
2316 4388 2483 4430 noster
2511 4382 2610 4430 and

413 4444 688 4509 discipulis.
949 4444 970 4473 3
1005 4445 1146 4495 Miss.
1171 4444 1306 4493 Gall.
1331 4444 1481 4495 Gerb.
1506 4444 1634 4494 have
1655 4444 1806 4507 (aster
1826 4445 2072 4507 daebmnt)
2094 4461 2196 4495 non
2214 4445 2613 4513 solumfomam

413 4510 656 4560 oratmis
687 4510 928 4566 concessit.
961 4524 1136 4559 verum
1169 4510 1320 4559 etiam
1352 4524 1452 4573 qua
1496 4516 1656 4559 mente
1694 4517 1742 4559 et
1772 4511 2003 4575 puritate
2023 4518 2358 4575 precarentur
2384 4512 2611 4571 ostendit,

413 4580 474 4625 ut
508 4576 568 4625 in
597 4575 857 4639 praesenti
883 4590 1028 4623 sacra
1059 4574 1176 4625 haec
1206 4574 1345 4625 lectio
1373 4574 1765 4626 demonstravit:
1803 4575 1901 4624 and
1933 4576 2143 4639 prooeed
2184 4578 2265 4627 7³0
2300 4582 2483 4638 autem,
2518 4578 2611 4626 διο.

411 4641 432 4670 ¹
461 4648 700 4691 secretum
725 4640 865 4689 Min.
890 4639 1028 4689 Gall.
1052 4640 1203 4691 Gerb.
1227 4640 1390 4690 which
1411 4640 1536 4689 omit
1567 4640 1650 4691 the
1673 4641 1838 4690 words
1860 4641 1947 4691 illi
1964 4642 2059 4690 soli
2078 4676 2093 4691 .
2117 4677 2130 4690 .
2154 4676 2167 4689 .
2190 4642 2370 4692 debere.
2498 4640 2521 4671 3
2552 4648 2613 4691 ut

415 4707 576 4756 malae
619 4705 912 4769 cogitationi
955 4704 1095 4754 Miss.
1141 4705 1277 4757 Gall.
1323 4704 1475 4755 Gerb.
1671 4704 1692 4732 ⁸
1725 4704 1866 4755 Miss.
1910 4705 2047 4755 Gall.
2093 4707 2244 4757 Gerb.
2288 4706 2437 4757 insert
2463 4704 2611 4770 fidei.

411 4770 429 4800 ²
459 4773 600 4823 enim
625 4771 762 4823 Min.
788 4768 925 4821 Gan.
955 4770 1105 4820 Gerb.
1353 4770 1372 4799 3
1405 4770 1542 4821 Miss.
1570 4770 1708 4823 Gall.
1733 4770 1884 4823 Gerb.
1908 4772 2033 4823 omit
2052 4777 2113 4821 et.
2378 4770 2400 4801 3
2430 4771 2619 4821 author
