3342 5392
607 433 704 498 xii

725 637 865 676 xvu.

699 718 866 759 xvm.

747 965 868 1006 XXI.

715 1047 856 1087 xxn.

691 1129 862 1168 xxm.

703 1211 859 1250 XXIV.

725 1375 857 1414 XXV.

700 1458 857 1498 xxm.

683 1539 865 1580 xxvn.

657 1621 862 1662 xxviii.

701 1703 860 1744 XXIX.

705 1869 864 1909 XXXI.

683 1950 864 1990 xxxii.

655 2031 860 2074 xxxin.

667 2114 861 2154 XXXIV.

689 2197 860 2236 XXXV.

658 2277 856 2318 xxxvi.

641 2360 862 2400 xxxvii.

603 2441 782 2482 XXXVI
789 2443 850 2482 II.

668 2524 785 2563 XXX
791 2525 866 2566 IX·

773 2607 861 2648 XL.

749 2689 844 2728 XLI
853 2715 866 2730 .

723 2771 862 2814 1L11.

706 2853 800 2892 xm
807 2855 870 2893 u.

711 2935 864 2976 XLIV.

735 3017 864 3058 va.

710 3100 844 3140 XLVI
851 3126 864 3139 .

687 3183 863 3222 XLVII.

659 3265 816 3306 XLVII
823 3266 860 3304 1.

712 3347 864 3387 xux.

795 3513 866 3551 LI.

770 3594 868 3632 LII.

737 3676 862 3717 LIII.

753 3758 869 3796 LIV.

774 3839 864 3880 LV.

749 3922 863 3962 LVI.

732 4004 867 4044 LVII.

703 4087 865 4126 LVIII.

755 4169 866 4208 mx.

753 4333 867 4378 Lxx.

735 4415 870 4455 Lxu.

707 4497 866 4535 LXIII.

712 4579 863 4621 LXIV.

739 4661 864 4701 va.

722 4743 870 4784 LXVI.

1592 439 2057 496 CONTENTS.

935 626 998 676 ln
1021 625 1142 678 Nat.
1167 627 1224 678 S.
1251 626 1508 678 luvenal'ss
1607 665 1624 679 .
1758 665 1773 678 .
1906 665 1921 678 .

935 709 1016 758 De
1041 709 1350 761 Inventione
1373 709 1598 760 Sanctae
1621 710 1805 761 Crucis
1912 745 1927 758 .

935 790 997 840 ln
1021 789 1144 842 Nat.
1165 790 1476 842 Sanctorum
1501 792 1660 842 Nerei
1684 801 1741 842 ct
1766 791 1987 843 Achillei
2010 749 2221 842 sistrum
2246 801 2299 843 et
2325 747 2379 844 S.
2409 793 2645 842 Pancrati

937 872 999 922 ln
1023 873 1142 923 Nat.
1167 873 1476 924 Sanetomm
1501 873 1642 924 Petri
1666 883 1722 925 et
1744 874 2217 926 Marcellini..

938 955 999 1003 ln
1023 955 1140 1006 Nat.
1159 955 1466 1006 Sanctorum
1489 956 1687 1022 cyrini,
1714 957 1951 1017 Naboris,
1976 965 2035 1007 et
2054 957 2241 1007 Nazari

931 1037 990 1086 ln
1017 1037 1136 1088 Nat.
1161 1037 1216 1088 S.
1239 1038 1346 1088 viti
1465 1077 1478 1088 .

931 1119 990 1168 In
1017 1119 1136 1169 Nat.
1158 1119 1464 1171 Sanctorum
1491 1076 1650 1171 Marci
1673 1129 1730 1170 et
1755 1075 2073 1172 Marcelliani
2200 1161 2215 1172 .

930 1201 990 1250 In
1015 1200 1170 1266 vigil.
1193 1201 1500 1253 Sanctorum
1526 1204 1813 1266 Martyrum
1837 1205 2057 1255 Gerbasi
2080 1213 2136 1254 et
2162 1161 2363 1254 Protasi

931 1283 992 1332 ln
1018 1284 1188 1334 Natali
1211 1293 1268 1334 ut
1289 1301 1446 1349 supra
1607 1323 1620 1336 .

925 1365 986 1416 In
1009 1365 1162 1429 vigil.
1188 1367 1247 1418 S.
1271 1367 1482 1418 Ioannis
1509 1369 1773 1432 Baptistae

927 1447 986 1497 ln
1013 1448 1132 1498 Nat.
1157 1451 1295 1500 unde
1317 1465 1475 1513 supra
1609 1489 1622 1500 .
2056 1490 2069 1502 .

934 1529 995 1579 In
1017 1530 1168 1592 vigil.
1193 1541 1472 1594 martyrum
1497 1533 1709 1583 Ioannis
1730 1542 1784 1584 et
1808 1534 1951 1584 Pauli
2056 1571 2071 1583 .

935 1613 994 1664 ln
1021 1613 1138 1664 Nat.
1163 1615 1460 1664 eorumdem
1615 1653 1628 1663 .
2060 1655 2073 1667 .

929 1695 988 1744 ln
1012 1694 1164 1758 vigil.
1187 1695 1555 1758 Apostolorum
1582 1697 1723 1748 Petri
1748 1706 1801 1748 et
1824 1698 1967 1748 Pauli
2046 1737 2061 1749 .

927 1777 986 1826 In
1015 1777 1136 1828 Nat.
1161 1779 1216 1828 S.
1243 1777 1386 1828 Petri
1408 1781 1618 1842 proprie
1766 1819 1781 1831 .

933 1859 994 1908 In
1019 1859 1135 1910 Nat.
1161 1859 1530 1922 Apostolorum
1556 1860 1697 1912 Petri
1722 1869 1778 1912 et
1800 1862 1943 1912 Pauli

935 1940 994 1989 ln
1021 1941 1140 1991 Nat.
1166 1941 1222 1992 S.
1251 1942 1394 1991 Pauli
1419 1945 1628 2006 proprie

931 2022 1210 2074 Orationes
1231 2025 1298 2073 ad
1320 2023 1608 2088 vesperum
1772 2063 1785 2076 .
1918 2065 1931 2077 .

933 2105 1014 2154 De
1036 2104 1187 2167 vigil.
1214 2108 1438 2156 omnium
1461 2107 1831 2170 Apostolorum
1912 2147 1927 2160 .

931 2185 990 2235 ln
1018 2187 1136 2237 Nat.
1161 2188 1386 2238 omnium
1409 2189 1777 2252 Apostolorum

927 2269 986 2318 ln
1013 2269 1194 2320 Octav.
1219 2271 1584 2333 Apostolorum
1908 2310 1920 2323 .

932 2350 992 2402 ln
1019 2351 1137 2404 Nat.
1165 2353 1468 2402 Sanctorum
1493 2353 1747 2418 Simplici,
1770 2355 2017 2416 Faustini,
2044 2364 2100 2406 et
2121 2355 2359 2406 viatricis

922 2432 982 2482 ln
1010 2432 1130 2483 Nat.
1154 2435 1306 2484 Abdo
1329 2443 1383 2484 ct
1407 2435 1563 2486 Senis
1608 2473 1622 2486 .

935 2515 996 2564 In
1021 2515 1140 2566 Nat.
1167 2515 1590 2568 Hachabaeorum

931 2597 992 2646 ln
1017 2597 1136 2648 Nat.
1162 2599 1218 2648 S.
1243 2599 1380 2649 Sixti
1449 2638 1460 2650 .

935 2679 994 2730 In
1020 2680 1138 2731 Nat.
1159 2681 1215 2732 S.
1241 2682 1431 2734 Donati
1599 2721 1611 2732 .

930 2761 992 2811 In
1015 2761 1167 2824 vigil.
1192 2762 1250 2813 S.
1275 2764 1519 2815 Laurenti
1609 2804 1624 2818 .

936 2843 996 2892 ln
1023 2843 1143 2895 Nat.
1163 2846 1394 2895 eiusdem
1460 2885 1474 2896 .

934 2925 996 2974 In
1022 2926 1140 2977 Nat.
1164 2926 1222 2978 S.
1247 2927 1444 2978 Tiburti

935 3007 994 3056 In
1022 3008 1138 3058 Nat.
1164 3009 1220 3060 S.
1245 3009 1444 3073 Ypoliti

934 3089 994 3139 In
1020 3089 1136 3141 Oct.
1160 3091 1218 3143 S.
1245 3092 1486 3144 Laurenti
1606 3132 1620 3145 .
1757 3133 1770 3145 .

931 3173 992 3222 In
1015 3172 1384 3236 Assumptione
1408 3175 1464 3226 S.
1491 3177 1685 3227 Mariae
1754 3215 1768 3228 .

931 3254 990 3304 ln
1018 3255 1135 3305 Nat.
1160 3255 1216 3306 S.
1241 3257 1448 3320 Agapiti

935 3334 996 3385 In
1023 3336 1140 3386 Nat.
1165 3337 1221 3389 S.
1247 3338 1424 3401 Magni

935 3417 994 3468 In
1023 3419 1139 3471 Nat.
1165 3420 1220 3471 S.
1248 3420 1384 3470 Ruffi
1462 3461 1475 3473 .

937 3501 997 3550 In
1024 3501 1142 3552 Nat.
1169 3501 1220 3552 S.
1250 3503 1460 3554 Hermis
1906 3544 1917 3556 .
2054 3547 2067 3558 .

937 3583 998 3632 In
1021 3584 1104 3634 die
1130 3584 1396 3636 Passionis
1418 3586 1473 3636 S.
1501 3587 1714 3640 loannis
1740 3588 2007 3652 Baptistae
2054 3627 2069 3639 .

932 3665 991 3714 In
1019 3665 1136 3716 Nat.
1164 3667 1218 3716 S.
1245 3667 1404 3718 Prisci
1456 3706 1468 3718 .

938 3747 998 3796 ln
1024 3748 1302 3799 Nativitate
1326 3750 1382 3801 S.
1409 3750 1603 3802 Mariae

934 3828 994 3879 In
1021 3830 1138 3880 Nat.
1161 3831 1218 3881 S.
1242 3832 1474 3895 Gargani
1760 3873 1773 3885 .

934 3911 993 3960 In
1017 3911 1348 3964 Exaltatione
1371 3922 1584 3966 sanctae
1608 3916 1790 3967 Crucis
2058 3957 2071 3969 .

938 3995 998 4044 In
1024 3993 1141 4045 Nat.
1169 3995 1476 4050 Sanctorum
1501 3998 1721 4056 Corneli.
1735 4009 1790 4050 et
1816 4000 2061 4064 Cypriani

935 4075 996 4125 In
1021 4076 1137 4127 Nat.
1163 4077 1468 4129 Sanctorum
1491 4081 1718 4136 eosmae.
1740 4091 1794 4133 et
1819 4084 2058 4134 Damiani
2200 4121 2214 4134 .

936 4158 996 4208 ln
1024 4158 1232 4223 [Dedic.
1258 4159 1438 4226 Bait]
1464 4162 1520 4212 S.
1540 4163 1855 4228 Archangeli
1880 4165 2153 4218 Michaelis
2204 4204 2219 4218 .

930 4241 1075 4291 Orat.
1099 4242 1149 4291 in
1176 4242 1376 4294 ieiunio
1399 4246 1591 4294 mensis
1614 4247 1819 4309 septimi
1908 4285 1921 4298 .
2056 4286 2069 4299 .

936 4323 998 4372 ln
1023 4323 1138 4374 Nat.
1163 4324 1468 4376 Sanctorum
1495 4327 1723 4378 Marcelli
1746 4337 1799 4378 et
1819 4329 2010 4393 Apulei
2056 4368 2071 4382 .

941 4404 1000 4454 ln
1027 4405 1145 4455 Nat.
1173 4406 1478 4458 Sanctorum
1503 4410 1737 4471 Quatuor
1759 4411 2133 4463 coronatorum
2196 4453 2210 4466 .

937 4486 998 4536 In
1023 4487 1258 4554 [vigilia]
1285 4489 1342 4540 S.
1367 4490 1625 4546 Caeciliae

937 4569 996 4620 In
1023 4570 1140 4622 Nat.
1164 4571 1396 4622 eiusdem
1467 4612 1480 4625 .
1613 4612 1625 4625 .

934 4652 994 4702 ln
1019 4652 1139 4703 Nat.
1165 4653 1220 4703 S.
1245 4653 1531 4705 Clementis
1613 4695 1626 4708 .

941 4735 1000 4784 In
1027 4735 1146 4786 Nat.
1173 4737 1227 4786 S.
1254 4736 1530 4788 Felicitatis
1617 4777 1628 4788 .
