3342 5392
759 429 890 498 314
1323 421 1578 478 LIBER
1617 419 2387 478 SACRAMENTORUM
2720 418 2844 484 [111.
2868 419 2966 472 evi.

761 603 878 650 eos
901 583 956 623 ¹⁰
1013 585 1422 669 protectione
1479 605 1837 664 conserva3
1911 595 1985 651 ut
2040 605 2303 669 semper
2348 585 2417 648 in
2476 593 2593 650 tua
2644 585 2965 670 religione

761 688 1103 767 laetantes,
1137 689 1204 754 in
1243 698 1514 756 sanctae
1553 689 1901 754 Trinitatis
1935 689 2343 754 confessione
2364 687 2413 726 ¹¹
2460 687 2593 754 fide
2636 691 2963 758 catholica

759 801 1218 876 perseverent:
1261 793 1536 878 diesque
1569 803 1853 860 nostros.
1896 819 1939 876 y

1611 981 2113 1040 Postoommun.

397 1106 462 1155 R.
847 1095 960 1160 Da
987 1092 1250 1160 famulis
1280 1103 1350 1160 et
1379 1093 1752 1160 famulabus
1778 1095 1931 1175 tuiS,
1960 1114 2375 1179 quaesumus,
2406 1095 2713 1175 Domine,
2746 1095 2811 1160 in
2840 1105 2961 1160 tua

397 1171 688 1302 {2³3⁹ng
759 1196 892 1264 fide
919 1207 988 1264 et
1015 1199 1394 1264 sinceritate
1421 1199 1863 1266 constantiam
1888 1225 1905 1279 3
1948 1210 2023 1264 ut
2054 1201 2121 1263 in
2152 1201 2427 1265 caritate
2456 1201 2680 1266 divina
2708 1199 2959 1266 firmati

397 1304 536 1355 Men.
563 1317 672 1369 239-
759 1301 956 1368 nullis
984 1303 1465 1368 tentationibus
1495 1303 1583 1368 ab
1613 1305 1757 1368 eius
1786 1304 2167 1388 integritate
2195 1303 2543 1368 vellantur.
2632 1305 2774 1368 Per.
2821 1329 2863 1386 y

1605 1693 2025 1752 contestatio
2044 1684 2108 1751 ¹².

397 1821 460 1870 R.
845 1807 1005 1873 VD.
1051 1806 1178 1871 Per
1207 1806 1542 1872 Christum
1575 1808 1942 1873 Dominum
1982 1817 2303 1873 nostrum.
2394 1807 2517 1871 Per
2542 1826 2743 1891 quem
2774 1805 2957 1872 salus

397 1885 689 2004 (ἧζᾞξξὲξ
761 1911 1012 1988 mundi,
1071 1931 1192 1994 per
1247 1932 1446 1995 quem
1468 1945 1490 1968 ·
1511 1911 1650 1976 vita
1700 1913 1999 1976 omnium
2032 1911 2106 1990 ¹³,
2151 1931 2271 1995 per
2316 1931 2517 1995 quem
2568 1912 2957 1976 resurrectio
2980 1915 3111 1974 764

761 2025 1191 2080 mortuorum.
1253 2015 1380 2080 Per
1407 2015 1625 2098 ipsum
1649 2023 1739 2091 te,
1764 2017 2075 2093 Domine,
2092 2013 2477 2098 suppliciter
2504 2016 2955 2098 deprecamur,

759 2127 835 2182 ut
863 2119 1126 2183 animae
1156 2118 1386 2182 famuli
1414 2120 1512 2184 tui
1542 2118 1755 2198 Illius,
1784 2119 1967 2184 cuius
2009 2119 2184 2183 diem
2214 2119 2419 2182 Illum
2444 2115 2495 2155 ¹⁴
2525 2117 2955 2194 celebramus,

757 2221 1238 2306 indulgentiam
1281 2222 1504 2306 largiri
1536 2232 1929 2305 perpetuam
1971 2223 2261 2306 digneris
2284 2221 2356 2298 ¹⁵,
2388 2231 2590 2305 atque
2632 2221 2957 2304 contagiis

759 2325 1182 2391 mortalitatis
1233 2335 1530 2404 exutam,
1583 2328 1652 2389 in
1712 2335 2049 2390 aeternam
2102 2324 2487 2390 salvationis
2534 2335 2789 2408 partem
2852 2345 2953 2388 re·

757 2428 996 2494 stituas
1017 2429 1068 2468 ¹⁸
1099 2449 1250 2495 cum
1281 2429 1535 2513 angelis
1565 2439 1634 2495 et
1663 2429 2073 2513 archangelis
2094 2427 2167 2494 ¹⁷.
2213 2455 2256 2512 γ

1093 2809 1380 2872 INCIPIT
1425 2823 1528 2873 AD
1572 2821 2141 2874 POENITENTIAM
2186 2824 2515 2874 DANDAM
2537 2809 2609 2873 ¹⁸.

397 2959 644 3038 nffiartene,
844 2944 1038 3011 Dicis
1056 2945 1386 3029 psalmum
1415 2947 1490 3012 vi
1509 2954 1714 3011 totum
1736 2970 1758 3007 .·
1800 2946 2123 3011 etiterum
2142 2947 2311 3012 dicis
2327 2947 2414 3010 ¹⁹:
2460 2947 2765 3012 Oremus.
2854 2947 2963 3011 Et

397 3027 598 3158 {ffb-¹35·
759 3050 1064 3133 incipiens
1087 3047 1146 3089 ²⁰
1174 3051 1512 3135 psalmum
1552 3051 1644 3114 cii
1685 3071 1883 3133 usque
1927 3049 2385 3116 Renovabitur
2420 3051 2591 3116 sicut
2608 3049 2661 3088 ²¹
2694 3051 2957 3134 aquilae

758 3155 1062 3219 iuventus
1081 3151 1158 3218 22.
1245 3153 1438 3220 Dicis
1480 3153 1713 3219 deinde
1739 3153 2075 3238 psalmum
2118 3157 2721 3238 quinquagesimum
2744 3179 2775 3232 ,·
2804 3165 2961 3238 post

755 3257 870 3324 hoc
897 3259 1108 3324 oratio
1135 3260 1426 3341 sequitur
1447 3257 1522 3325 23.

845 3380 1067 3444 Deum
1135 3380 1662 3463 omnipotentem
1722 3399 1805 3444 ac
1872 3379 2377 3459 misericordem,
2444 3380 2561 3463 qui
2620 3400 2752 3445 non
2810 3381 2957 3446 vult

761 3493 1042 3548 mortem
1079 3492 1505 3567 peccatorum
1551 3482 1668 3546 sed
1716 3493 1789 3547 ut
1832 3493 2299 3548 convertantur
2342 3493 2410 3548 et
2447 3485 2693 3560 vivant,
2722 3484 2955 3550 fratres

758 3587 1092 3663 carissimi,
1141 3586 1470 3671 supplices
1525 3587 1959 3668 deprecemur
1980 3583 2052 3663 ²⁴,
2116 3599 2191 3652 ut
2246 3607 2565 3652 converso
2624 3588 2709 3652 ad
2775 3588 2954 3652 viam

757 3698 1005 3755 rectam
1035 3690 1283 3754 famulo
1312 3710 1434 3755 suo
1452 3689 1578 3754 Illo
1599 3689 2079 3754 misericordiae
2096 3711 2253 3754 suae
2268 3691 2531 3755 veniam
2562 3691 2957 3774 propitiatus

758 3794 1100 3878 indulgeat
1124 3819 1139 3858 ε
1172 3802 1241 3858 et
1259 3793 1314 3857 si
1333 3815 1506 3877 quae
1527 3804 1685 3858 sunt
1704 3793 2043 3877 culparum
2062 3813 2329 3858 suarum
2348 3795 2645 3859 omnium
2664 3794 2955 3872 vulnera,

758 3917 930 3982 quae
951 3906 1106 3980 post
1123 3898 1288 3964 sacri
1311 3897 1551 3962 lavacri
1577 3898 1759 3961 unda
1776 3895 1827 3935 ²⁵
1854 3899 2191 3964 contraxit
2210 3897 2285 3973 ²⁸,
2316 3899 2412 3963 ita
2446 3898 2513 3962 in
2536 3897 2663 3964 hac
2690 3899 2957 3984 publica

757 4002 1162 4067 consessione
1204 3999 1446 4066 delicta
1491 4012 1815 4078 sanentur,
1846 4011 1921 4067 ut
1956 4000 2137 4066 nulla
2180 4003 2248 4066 in
2294 4022 2447 4067 eum
2470 3999 2521 4040 ²⁷
2568 4002 2739 4068 ultra
2784 4003 2955 4066 cica-

759 4106 998 4171 tricum
1029 4106 1220 4189 signa
1251 4115 1652 4170 remaneant.
1746 4106 1871 4171 Per
1902 4107 2271 4170 Dominum
2303 4117 2620 4171 nostrum.

399 4245 642 4309 Matiene,
847 4227 1052 4303 Deus,
1113 4226 1432 4291 iustorum
1491 4226 1721 4308 gloria,
1782 4223 1835 4262 ²⁸
1859 4227 2307 4291 misericordia
2366 4235 2807 4310 peccatorum,
2866 4227 2959 4290 da

397 4313 599 4442 {ffb-¹35·
759 4328 914 4393 huic
972 4329 1222 4394 famulo
1282 4341 1400 4394 tuo
1460 4329 1580 4394 Illi
1597 4328 1650 4369 ²⁹
1717 4330 1982 4412 plenam
2043 4330 2491 4414 indulgentiae
2548 4332 2829 4406 veniam,
2884 4341 2957 4394 et

758 4433 1208 4517 poenitentiae
1265 4433 1416 4499 loco
1433 4432 1488 4470 ³⁰
1548 4444 1863 4498 exoratus
1922 4433 2230 4517 indulge3
2294 4443 2368 4498 ut
2426 4433 2539 4516 qui
2599 4433 2955 4515 praeterita

758 4547 1030 4620 peccata
1088 4536 1412 4621 deplorat,
1467 4536 1687 4602 futura
1744 4537 1916 4603 mala
1930 4537 1982 4576 ³¹
2047 4559 2178 4602 non
2239 4537 2502 4616 sentiat,
2555 4557 2767 4620 neque
2818 4538 2953 4602 iam

757 4640 1030 4705 ulterius
1083 4640 1373 4724 lugenda
1425 4641 1819 4706 committat.
1914 4641 2202 4707 Dimitte
2247 4643 2329 4716 ei,
2372 4641 2680 4719 Domine,
2728 4641 2957 4706 omnia

757 4745 1045 4821 crimina,
1078 4753 1146 4810 et
1182 4745 1246 4809 in
1277 4745 1548 4810 semitas
1588 4765 1739 4810 eum
1772 4744 2063 4811 iustitiae
2090 4743 2141 4784 ³²
2159 4745 2463 4831 placatus
2494 4745 2855 4810 reinstaura
2880 4745 2959 4825 ³³,
