3342 5392
1290 466 1749 522 APPENDJX.
2490 469 2617 543 355

985 627 1071 712 [iv
1114 627 1254 688 Kal.
1297 629 1444 706 Sept.
1489 628 1633 689 Nat.
1677 628 1741 690 S.
1784 628 2044 689 Sabinae.
2252 687 2261 694 ,
2669 637 2807 689 Gerb

632 745 862 807 Exaudi
905 764 1017 806 nos
1055 744 1132 804 D.
1177 745 1438 805 salutaris
1477 755 1674 805 noster
1716 753 1780 804 ut
1822 745 1967 805 sicut
2668 719 2720 768 P·
2751 715 2860 768 ¹⁷¹·

630 844 941 905 Gratanter
982 843 1132 904 Dne.
1174 842 1252 904 ad
1291 860 1537 903 munera
1576 843 1827 903 dicanda

632 942 899 1004 Purificet
938 961 1050 1003 nos
1090 941 1243 1002 Dne.
1283 958 1342 1020 q.
1386 951 1444 1002 et
1483 937 1688 1022 divini]

512 1089 751 1175 [Eodem
792 1090 924 1173 die}
1008 1090 1109 1172 (iii
1138 1089 1225 1151 K.
1269 1088 1394 1168 δεῇ.
1439 1089 1543 1171 R.)
1583 1090 1797 1149 Passio
1836 1089 1901 1150 S.
1943 1087 2182 1150 Ioannis
2222 1089 2532 1170 Baptistae.
2669 1094 2821 1145 Gerb.
2838 1111 2927 1160 pp.

636 1207 833 1268 Sancti
873 1208 1114 1268 Ioannis
1154 1206 1447 1285 Baptistae
1488 1215 1548 1267 et
1587 1207 1853 1284 martyris
2676 1173 2785 1226 ¹⁷¹'
2803 1173 2914 1226 ¹⁷²'

633 1308 930 1387 Perpetuis
971 1328 1082 1370 nos
1121 1309 1271 1370 Dne.
1313 1327 1358 1370 S.
1400 1309 1642 1369 Ioannis
1682 1307 1976 1385 Baptistae

633 1406 888 1468 Munera
927 1409 1028 1468 tibi
1070 1407 1222 1468 Dne.
1265 1426 1392 1486 pro.
1435 1425 1482 1467 S.
1525 1408 1797 1483 martyris

633 1505 910 1568 Conferat
951 1507 1121 1566 nobis
1161 1504 1312 1566 Dne.
1355 1525 1400 1565 s.
1444 1506 1685 1565 Ioannis
1724 1515 2033 1583 utrumque

796 1651 902 1737 [iii
935 1653 1078 1716 Kal.
1121 1656 1268 1734 Sept.
1308 1655 1455 1718 Nat.
1499 1653 1613 1716 SS.
1657 1655 1867 1714 Felicis·
1906 1663 1960 1713 et
1997 1656 2265 1715 Adaucti.
2675 1661 2830 1712 Gerb.

633 1769 1002 1832 Maiestatem
1045 1781 1206 1831 tuam
1247 1771 1398 1832 Dne.
1439 1771 1729 1850 supplices
2672 1745 2722 1793 P·
2755 1739 2863 1792 ¹⁷²·

634 1869 878 1930 Hostias
917 1869 1068 1930 Dne.
1107 1879 1242 1930 tuae
1281 1869 1468 1949 plebis

637 1968 868 2046 Repleu‘
908 1967 1059 2030 Dne.
1101 1970 1435 2029 muneribus
1475 1966 1681 2049 sacris]

1088 2116 1230 2180 Kal.
1276 2118 1422 2196 Sept.
1466 2117 1609 2178 Nat.
1651 2117 1717 2178 S.
1757 2118 1972 2178 Prisci.
2678 2129 2815 2180 Gerb

639 2231 715 2293 O.
758 2251 806 2295 s.
847 2232 924 2295 D.
966 2233 1244 2296 fortitudo
1287 2235 1632 2294 certantium
2680 2211 2730 2260 p.
2761 2207 2869 2257 ιμ’

606 2329 784 2394 *Eius
822 2332 925 2391 tibi
966 2333 1236 2410 precibus
1277 2331 1426 2392 Dne.
1468 2350 1528 2411 q.
1570 2341 1735 2410 grata
1774 2331 2042 2393 reddatur

649 2428 782 2489 VD.
825 2428 948 2506 Qui
988 2431 1074 2491 sic
1113 2431 1312 2491 tribuis
1351 2431 1654 2492 ecclesiam

641 2525 876 2590 Praesta
915 2547 972 2607 q.
1015 2529 1166 2589 Dne.
1209 2539 1273 2590 ut
1314 2530 1656 2589 sacramenti
1698 2529 1782 2588 tui

1059 2669 1242 2731 Heba.
1282 2671 1400 2732 xvi
1419 2678 1555 2747 post
1590 2669 1961 2731 Pentecosten.
2681 2679 2819 2730 Gerb

639 2783 884 2845 Custodi
923 2783 1074 2845 Dne.
1114 2805 1173 2864 q.
1213 2785 1517 2845 ecclesiam
1555 2793 1719 2845 tuam
2679 2760 2729 2809 p.
2758 2756 2868 2809 ¹⁷³⁸

638 2881 874 2944 Praesta
911 2883 1082 2944 nobis
1121 2902 1200 2943 m.
1241 2882 1317 2942 D.
1359 2892 1422 2944 ut
1462 2883 1850 2961 placationem

637 2979 913 3042 Concede
953 2982 1125 3042 nobis
1165 2981 1318 3042 Dne.
1360 3001 1419 3060 q.
1459 2992 1525 3041 ut
1564 2981 1711 3042 haec
1750 2982 1939 3042 hostia

602 3077 772 3138 ND.
813 3076 936 3151 Qui
975 3079 1312 3139 aeternitate
1353 3078 1662 3140 sacerdotii

640 3175 953 3236 Purificent
993 3171 1222 3254 semper
1261 3186 1318 3236 et
1359 3177 1628 3236 muniant

458 3327 526 3384 vi
557 3323 649 3385 Id.
693 3323 840 3402 Sept.
881 3323 1182 3386 Nattim'tas
1221 3322 1286 3385 S.
1327 3323 1582 3386 Mariae.
1663 3323 1872 3386 Eodem
1912 3328 1999 3386 die
2036 3325 2179 3388 Nat.
2222 3327 2285 3389 S.
2330 3329 2602 3390 Adriani.
2682 3343 2819 3395 Ger-b
2858 3358 2947 3408 pp.

610 3441 896 3503 *Adiuvet
937 3459 1046 3502 nos
1085 3460 1144 3519 q.
1185 3439 1336 3500 Dne.
1382 3449 1621 3502 sanctae
1663 3439 1892 3501 Mariae
2687 3421 2796 3474 173,
2822 3419 2931 3472 ¹⁷4·

644 3539 866 3602 Adesto
906 3539 1077 3600 nobis
1117 3557 1172 3600 o.
1215 3538 1290 3598 D.
1335 3539 1537 3599 beatae
1579 3539 1805 3599 Mariae
1845 3540 1991 3600 festa

645 3634 1135 3720 [Supplicationes
1175 3655 1472 3697 servorum
1511 3646 1747 3698 tuorum
1788 3636 1863 3697 D.
1904 3639 2229 3722 miserator]

606 3737 856 3815 *Accipe
894 3754 1140 3796 munera
1179 3735 1331 3796 Dne.
1373 3753 1526 3814 quae
1569 3737 1631 3796 in
1671 3739 1727 3796 b.
1774 3735 2000 3798 Mariae

648 3831 921 3918 [Suscipe
962 3834 1114 3895 Dne.
1156 3854 1212 3913 q.
1254 3834 1472 3895 hostias
1515 3833 1885 3916 placationis]

646 3931 974 4015 [Unigeniti
1015 3935 1099 3992 tui
1140 3932 1292 3994 Dne.
1335 3933 1506 3994 nobis
1546 3930 1871 4015 succurrat]

604 4029 772 4089 ΛΠ).
815 4030 969 4092 Vere
1009 4030 1250 4108 dignum
1281 4078 1294 4092 .
1325 4076 1338 4090 .
1368 4075 1383 4088 .
1427 4031 1678 4092 salutare
1716 4051 1830 4092 nos
1870 4033 1973 4093 tibi

646 4127 905 4207 Sumptis
944 4128 1094 4190 Dne.
1135 4131 1510 4190 sacramentis
1552 4131 1941 4192 intercedente

647 4223 934 4308 [Famulis
973 4229 1086 4287 tuis
1127 4227 1280 4288 Dne.
1313 4227 1572 4288 caelestis
1612 4230 1835 4306 gratiae
1874 4226 2119 4312 munus]

1027 4373 1094 4458 [v
1133 4375 1226 4435 Id.
1269 4375 1418 4454 Sspl.
1455 4376 1600 4438 Nat.
1644 4376 1700 4437 S
1700 4423 1713 4436 .
1760 4375 2066 4456 Gargonii.
2693 4395 2845 4446 Gerb.

646 4491 898 4554 Sanctus
937 4493 1090 4553 Dne.
1128 4491 1470 4571 Gurgonius
1509 4511 1618 4554 sua
1657 4511 1769 4554 nos
2690 4477 2739 4526 p.
2770 4471 2878 4525 ¹⁷4'

645 4591 833 4652 Grata
872 4593 946 4654 sit
985 4592 1088 4654 tibi
1129 4591 1278 4652 Dne.
1320 4601 1556 4652 nostrae
1597 4593 1885 4654 servitutis
1926 4593 2150 4657 oblatio

609 4689 776 4749 ΛΠ).
818 4689 1025 4770 Teque
1065 4691 1128 4750 in
1169 4701 1500 4751 sanctorum
1541 4701 1775 4752 tuorum
1817 4691 2279 4754 confessionibus

643 4789 947 4850 Familiam
987 4801 1148 4851 tuam
1189 4789 1264 4850 D.
1307 4790 1556 4850 suavitas
1599 4789 1696 4848 illa
1736 4787 2067 4872 contingat]

1447 4901 1496 4950 A
1527 4906 1566 4950 a
1601 4903 1637 4952 2
