3342 5392
719 431 843 496 266
1279 437 1536 494 LIBER
1575 441 1628 494 S
1627 441 1684 494 A
1692 439 1739 494 C
1738 439 1846 494 RA
1856 439 2109 494 MENT
2108 439 2353 495 ORUM
2700 439 2823 506 [111.
2845 443 2917 492 lii.

713 601 1194 667 coniunctionis
1224 624 1402 681 suae,
1435 601 1542 667 vel
1565 601 1938 681 annualem,
1968 623 2103 688 quo
2132 605 2240 668 die
2270 625 2387 668 eos
2422 602 2621 687 iugali
2653 605 2915 669 vinculo

713 707 966 771 sociare
995 707 1310 788 dignatus
1338 726 1428 784 es,
1462 707 1761 789 placatus
1801 707 2120 790 suscipias
2158 707 2624 790 deprecamur:
2670 708 2759 772 ob
2788 707 2917 774 hoc

713 811 915 894 igitur
940 812 1226 876 reddunt
1245 807 1299 848 ¹⁴
1330 813 1453 875 tibi
1482 821 1644 876 vota
1673 831 1795 874 sua
1835 811 1985 876 Deo
2015 832 2173 876 vero
2212 821 2281 876 et
2307 812 2479 890 vivo,
2510 831 2633 894 pro
2672 813 2915 895 quibus

711 915 1098 980 tremendae
1130 915 1358 999 pietati
1384 926 1542 979 tuae
1569 915 1897 999 supplices
1927 915 2262 980 fundimus
2292 935 2537 1000 preceS,
2566 925 2641 981 ut
2671 918 2916 1000 pariter

712 1020 885 1084 bene
905 1028 972 1082 et
997 1018 1262 1103 pacifice
1281 1017 1333 1056 ¹⁵
1363 1029 1727 1094 senescant,
1757 1029 1823 1086 et
1846 1020 2114 1084 videant
2142 1019 2313 1086 filios
2338 1019 2622 1084 filiorum
2646 1040 2913 1084 suorum

714 1143 922 1204 usque
953 1123 1020 1186 in
1037 1121 1092 1160 ¹⁶
1125 1124 1386 1188 tertiam
1430 1132 1499 1187 et
1537 1131 1843 1205 quartam
1885 1124 2285 1206 progeniem,
2319 1133 2387 1187 et
2424 1133 2489 1188 te
2518 1123 2914 1190 benedicant

713 1228 1022 1292 omnibus
1053 1227 1288 1292 diebus
1316 1226 1491 1291 vitae
1528 1247 1704 1291 suae.
1795 1226 1919 1290 Per
1964 1225 2305 1292 Christum
2353 1227 2716 1292 Dominum
2760 1249 2912 1292 nos-

713 1343 910 1397 trum.
1001 1331 1224 1416 Quam
1257 1330 1663 1396 oblationem
1694 1341 1787 1407 tu,
1822 1331 2026 1396 Deus.

799 1453 1201 1536 Percomples
1241 1473 1547 1516 canonem
1577 1451 1976 1534 plenariam,
2004 1465 2068 1516 et
2092 1453 2259 1518 dicis
2294 1455 2650 1518 orationem
2680 1453 2909 1520 Domi-

715 1560 946 1636 nicam,
975 1569 1041 1622 et
1063 1560 1156 1622 sic
1184 1579 1328 1621 eam
1358 1556 1671 1621 benedicis·
1700 1555 1807 1621 Itis
1834 1557 2045 1621 verbis
2064 1555 2134 1624 ¹⁷.

1537 1735 1798 1804 Incipit
1840 1739 2071 1794 oratio.

349 1854 504 1932 Mart:
520 1853 608 1904 lib.
625 1865 661 1903 1.
804 1850 988 1914 Deus
1033 1851 1146 1933 qui
1191 1851 1422 1915 mundi
1466 1850 1819 1915 crescentis
1860 1852 2140 1916 exordio
2162 1849 2213 1890 ¹⁸
2254 1852 2692 1935 multiplicata
2723 1853 2909 1937 prole

347 1934 622 2050 ffigfiffi'Q,
713 1954 1064 2032 benedicis,
1094 1954 1449 2037 propitiare
1491 1953 2077 2038 supplicationibus
2123 1957 2379 2032 nostris,
2409 1965 2475 2020 et
2518 1977 2712 2040 super
2740 1955 2910 2020 hanc

710 2059 1026 2124 famulam
1085 2069 1270 2124 tuam
1328 2079 1528 2142 opem
1580 2069 1737 2124 tuae
1794 2058 2273 2125 benedictionis
2334 2059 2641 2138 infunde3
2709 2070 2780 2123 ut
2841 2059 2907 2122 in

709 2163 908 2246 iugali
939 2165 1272 2228 consortio
1300 2162 1538 2228 affectu
1575 2163 1889 2246 compari,
1920 2173 2142 2228 mente
2180 2163 2525 2240 consimili,
2554 2165 2908 2230 sanctitate

709 2276 941 2332 mutua
971 2266 1376 2350 copulentur.
1469 2267 1611 2332 Per.

1417 2446 1678 2516 Incipit
1720 2445 2111 2504 benedictio
2130 2437 2197 2502 ¹⁹.

348 2564 601 2642 Mart3lib·
619 2576 657 2614 1-
801 2558 995 2624 Pater
1025 2559 1253 2624 mundi
1278 2561 1596 2636 conditor,
1621 2560 2035 2624 nascentium
2065 2560 2346 2643 genitor,
2370 2559 2909 2643 multiplicandae

345 2645 622 2758 {4⁸2¹}ss
711 2663 982 2746 originis
1023 2665 1378 2742 institutor,
1423 2665 1536 2747 qui
1582 2661 1783 2728 Adae
1827 2664 2141 2728 comitem
2192 2664 2325 2727 tuis
2370 2664 2674 2727 manibus
2718 2664 2910 2752 addi-

346 2762 501 2812 Leon.
523 2772 638 2826 447·
711 2768 886 2843 disti,
944 2769 1131 2832 cuius
1205 2789 1294 2832 ex
1365 2769 1626 2832 ossibus
1692 2787 1844 2832 ossa
1914 2769 2271 2832 crescentia
2340 2788 2565 2850 parem
2624 2766 2907 2831 formam

710 2871 1086 2937 admirabili
1109 2871 1495 2936 diversitate
1518 2871 1893 2954 signarent3
1939 2870 2094 2934 hinc
2122 2873 2209 2934 ad
2240 2873 2443 2935 totius
2468 2871 2909 2936 multitudinis

713 2977 1186 3040 incrementum
1235 2974 1594 3058 coniugalis
1635 2974 1811 3039 thori
1859 2975 2035 3039 iussa
2077 2975 2421 3050 consortia,
2456 2995 2589 3057 quo
2606 2975 2661 3013 ²⁰
2689 2984 2908 3038 totum

713 3079 881 3143 inter
937 3099 1008 3143 se
1027 3075 1078 3114 ²¹
1138 3077 1473 3142 saeculum
1532 3078 1940 3160 colligarent,
1998 3077 2268 3142 humani
2328 3079 2587 3161 generis
2644 3078 2910 3142 foedera

711 3191 1102 3247 nexuerunt.
1210 3181 1323 3247 Sic
1375 3183 1551 3246 enim
1605 3182 1752 3258 tibi,
1807 3181 2113 3256 Domine,
2158 3180 2492 3265 placitum,
2536 3182 2630 3246 sic
2684 3201 2908 3246 neces-

709 3287 986 3352 sat-rium
1019 3285 1180 3364 suit3
1213 3295 1288 3350 ut
1311 3283 1380 3365 ²²,
1403 3287 1562 3368 quia
1588 3285 1787 3367 longe
1820 3295 1992 3350 esset
2022 3282 2341 3348 infirmius
2358 3281 2417 3321 ²³
2443 3284 2621 3367 quod
2652 3282 2907 3347 homini
2939 3297 3065 3354 ¹723

711 3390 925 3455 simile
944 3388 1017 3467 ³4,
1048 3410 1248 3474 quam
1280 3392 1458 3472 quod
1494 3390 1616 3454 tibi
1664 3391 1814 3454 Deo
1832 3385 1886 3428 ²⁵
1918 3389 2182 3464 fecem,
2212 3385 2549 3451 additus²⁶
2582 3387 2836 3452 fortiori
2856 3385 2909 3426 ²⁷

711 3515 912 3558 sexus
942 3493 1274 3570 infirmior,
1307 3514 1510 3557 unum
1542 3490 1890 3559 efficeret²⁸
1924 3513 2013 3556 ex
2046 3493 2324 3567 duobus,
2356 3501 2425 3556 et
2460 3491 2599 3574 pari
2632 3491 2910 3574 pignore

711 3596 974 3663 soboles
1006 3599 1220 3662 mixta
1251 3608 1549 3662 manaret
1567 3595 1640 3676 ²⁹,
1662 3598 1827 3660 dum
1857 3617 1975 3680 per
2004 3596 2300 3658 ordinem
2324 3593 2553 3658 flueret
2575 3595 2833 3677 digesta
2852 3593 2909 3632 ³⁰

711 3703 1082 3785 posteritaS,
1117 3711 1184 3767 et
1225 3703 1479 3784 priores
1509 3712 1788 3765 ventura
1806 3699 1859 3738 ³¹
1896 3709 2339 3782 sequerentur,
2378 3718 2497 3762 nec
2533 3696 2739 3760 ullum
2781 3699 2907 3762 sibi

712 3805 912 3869 finem
959 3806 1025 3869 in
1072 3816 1211 3870 tam
1256 3807 1440 3870 brevi
1484 3805 1789 3880 termino,
1836 3803 2136 3886 quamvis
2181 3810 2399 3866 essent
2444 3803 2711 3879 caduca,
2752 3822 2905 3886 pro-

711 3919 1032 3993 ponerent
1049 3905 1122 3972 ³³.
1212 3908 1330 3973 Ad
1373 3909 1536 3974 haec
1581 3909 1783 3991 igitur
1828 3903 2057 3995 [datae
2100 3907 2233 3969 sint
2272 3905 2451 3988 leges
2496 3905 2799 3970 instituta
2816 3901 2905 3992 ³³]

661 4031 666 4038 ·
709 4023 1040 4076 venturae.
1133 4007 1588 4100 [Quapropter
1607 4008 1693 4099 ³³]
1728 4013 1917 4075 huius
1956 4009 2241 4074 famulae
2276 4019 2452 4084 tuae,
2484 4008 2695 4086 Pater,
2728 4011 2909 4073 rudi-

713 4124 938 4180 menta
971 4115 1308 4181 sanctifica
1327 4115 1402 4192 ³³,
1443 4127 1515 4179 ut
1561 4115 1741 4178 bono
1786 4123 1855 4177 et
1899 4133 2213 4196 prospero
2257 4113 2504 4179 sociata
2552 4114 2909 4188 consorti0,

712 4219 876 4301 legis
919 4229 1224 4284 aeternae
1267 4221 1444 4282 iussa
1463 4217 1517 4256 ³⁴
1563 4218 1913 4296 custodiat,
1960 4218 2458 4300 memineritque
2478 4215 2547 4294 ³⁶,
2597 4216 2906 4290 Domin‘e,

715 4344 848 4387 non
879 4333 1145 4387 tantum
1175 4325 1259 4387 ad
1294 4325 1628 4388 licentiam
1671 4322 2107 4405 coniugalem,
2139 4321 2253 4384 sed
2297 4321 2381 4384 ad
2418 4321 2907 4385 observantiam

715 4425 866 4489 fidei
921 4437 1296 4491 sanctorum
1352 4429 1705 4508 pignorum
1760 4427 2132 4509 delegatam
2154 4426 2227 4485 ³⁶.
2318 4423 2565 4486 Fidelis
2608 4436 2675 4488 et
2720 4436 2909 4488 casta

712 4529 918 4594 nubat
957 4531 1019 4593 in
1055 4530 1340 4608 Christo,
1370 4531 1826 4610 imitatrixque
1872 4539 2243 4594 sanctarum
2290 4537 2673 4608 permaneat
2718 4527 2909 4590 semi-

713 4652 960 4696 narum.
1031 4633 1135 4698 Sit
1159 4635 1461 4698 amabilis
1482 4644 1553 4697 ut
1581 4631 1833 4696 Rachel
1856 4634 1995 4696 viro
2020 4654 2156 4706 su0,
2182 4632 2441 4712 sapiens
2474 4641 2545 4694 ut
2580 4631 2909 4709 Rebecca,

713 4733 1036 4818 longaeva
1066 4745 1132 4800 et
1165 4737 1373 4802 fidelis
1405 4748 1476 4802 ut
1517 4738 1725 4802 Sarra.
1820 4736 2005 4800 Nihil
2050 4758 2135 4800 ex
2178 4735 2299 4800 hac
2339 4735 2689 4800 subsitivus
2715 4731 2765 4771 ³⁷
2798 4735 2911 4802 ille
