3342 5392
1258 449 1741 520 ,APPENDIAC
2274 514 2277 517 ,
2485 439 2611 524 3⁶5

624 619 771 678 Post
805 616 1010 677 Bened.
1093 615 1167 675 D.
1211 617 1310 695 qui
1349 618 1534 676 tribus
1575 617 1771 694 pueris

623 716 917 777 Ecclesiae
957 727 1090 776 tuae
1133 714 1283 775 Dne.
1327 733 1568 776 munera
1608 713 1907 776 sanctifica

625 814 759 873 VD.
801 814 1098 888 Quoniam
1139 812 1369 873 salubre
1407 811 1757 874 meditantes

625 911 705 986 Q.
745 912 899 974 Dne.
939 910 1018 973 D.
1057 921 1258 972 noster
1297 922 1362 971 ut
1401 920 1769 972 sacrosancta

624 1009 838 1071 Veniat
878 1010 1030 1069 Dne.
1072 1028 1130 1087 q.
1173 1010 1398 1087 populo
1438 1019 1540 1069 tuo
1581 1008 1935 1087 supplicanti

1159 1157 1276 1216 Dzie
1314 1156 1620 1216 Domae‘m'ca
1673 1155 1861 1216 Vacat.
2667 1157 2818 1207 Geth.
2842 1173 2932 1222 PP-

624 1272 832 1334 Excita
871 1271 1025 1333 Dne.
1065 1272 1384 1351 potentiam
1429 1281 1591 1332 tuam
1631 1280 1692 1332 et
1732 1272 1863 1331 veni
1902 1281 1961 1332 et
2002 1287 2219 1348 magna
2668 1233 2777 1288 ²⁰⁷³
2798 1225 2909 1272 κε’

625 1371 856 1431 Adiuva
895 1370 1049 1432 Dne.
1091 1369 1456 1448 fragilitatem
1499 1368 1687 1448 plebis
1728 1379 1863 1430 tuae

628 1468 936 1530 Sacrificiis
975 1469 1378 1547 praesentibus
1417 1467 1570 1528 Dne.
1611 1467 1876 1546 placatus

624 1567 760 1628 VD.
804 1567 1208 1628 Sanctificator
1247 1576 1303 1627 et
1343 1567 1617 1628 conditor

627 1665 885 1744 Sumptis
925 1665 1264 1724 muneribus
1306 1663 1458 1725 Dne.
1504 1683 1560 1744 q.
1602 1675 1666 1724 ut
1707 1682 1844 1726 cum

847 1816 950 1874 xii
983 1811 1124 1872 Kal.
1167 1812 1298 1872 Ian.
1339 1813 1482 1874 Nat.
1529 1813 1591 1874 S.
1639 1813 1877 1874 nomae
1917 1813 2186 1890 Apostoli.
2667 1818 2822 1869 Gerb.

625 1927 722 1988 Da
760 1929 933 1988 nobis
973 1947 1032 2008 q.
1072 1927 1226 1988 Dne.
1267 1928 1418 1988 beati
1459 1927 1707 2005 apostoli
1748 1927 2021 1988 Thomae
2666 1899 2715 1949 P·
2745 1883 2851 1934 '⁰8‘

625 2027 905 2086 Debitum
944 2025 1096 2086 Dne.
1137 2036 1372 2087 nostrae
1415 2025 1711 2086 reddimus
1752 2026 2037 2087 servitutis

626 2122 760 2183 VD.
802 2123 924 2196 Qui
965 2122 1270 2184 ecclesiam
1309 2133 1470 2184 tuam
1510 2124 1572 2182 in
1611 2124 1949 2202 apostolicis

623 2221 924 2283 Conserva
961 2219 1114 2282 Dne.
1157 2221 1442 2302 populum
1483 2231 1648 2282 tuum
1689 2233 1749 2282 et
1788 2241 1964 2300 quem

886 2369 1251 2430 Denuntiatio
1293 2369 1578 2431 Natalz'tii
1611 2375 1783 2432 unius
1822 2371 2133 2448 Martyris.
2666 2378 2819 2429 Gerb.

623 2485 866 2548 Noverit
906 2496 1096 2546 vestra
1135 2486 1366 2546 devotio
2665 2460 2717 2509 P·
2748 2458 2855 2506 214·

621 2583 762 2644 Item
795 2585 1100 2661 pluraliter
1140 2583 1282 2658 Quo
1324 2584 1537 2644 diaboli

621 2732 702 2796 In
755 2731 966 2811 szgt'lt‘a
983 2729 1004 2764 ¹
1045 2734 1216 2792 unius
1254 2734 1450 2794 sancti.
2664 2741 2815 2792 Gerb.
2840 2757 2923 2806 pp.

623 2848 702 2923 Q.
743 2867 799 2910 ο.
841 2847 917 2908 D.
961 2857 1023 2908 ut
1063 2858 1264 2907 nostra
1304 2847 1538 2908 devotio
2498 2837 2507 2844 ’
2664 2820 2909 2871 ²¹⁴’²¹⁵’

623 2945 946 3023 Magnifica
987 2945 1138 3004 Dne.
1179 2947 1335 3005 beati
1376 2945 1474 3005 Ill.
1517 2946 1801 3005 solemnia

626 3041 790 3124 [VD.
833 3043 1086 3104 Gloriosi
1129 3042 1225 3102 Ill.
1264 3045 1532 3121 martyris
1571 3045 1662 3102 vel
1698 3041 2077 3124 confessoris]

588 3141 838 3202 *Sancta
876 3152 978 3204 tua
1017 3139 1168 3200 Dne.
1208 3141 1281 3200 de
1323 3142 1474 3201 beati
1516 3141 1613 3200 Ill.

1093 3289 1168 3348 In
1208 3288 1350 3349 Nat.
1400 3290 1584 3350 Unius
1621 3291 1935 3370 Marfyrtlr.
2662 3301 2813 3352 Gerb.
2837 3319 2921 3418 ps.

625 3405 870 3466 Votivus
910 3423 1022 3466 nos
1064 3405 1218 3464 Dne.
1259 3423 1317 3482 q.
1360 3406 1416 3464 b.
1457 3407 1725 3483 martyris
2664 3381 2777 3432 2¹52
2799 3381 2853 3417 ²¹
2896 3405 2908 3418 ·

624 3500 731 3586 [D.
771 3505 874 3582 qui
915 3514 1180 3564 sanctam
1222 3503 1393 3565 nobis
1434 3503 1608 3563 huius
1648 3499 1793 3585 diei]

624 3603 956 3663 Praesentia
995 3619 1236 3662 munera
1277 3620 1334 3681 q.
1376 3600 1529 3662 Dne.
1568 3603 1650 3663 ita
1691 3620 1895 3663 serena

587 3699 756 3761 ΛΠ).
799 3701 895 3760 Te
935 3718 1166 3778 semper
1206 3701 1270 3760 in
1311 3699 1484 3761 laude

625 3799 990 3877 Sumpsimus
1032 3797 1186 3858 Dne.
1229 3817 1274 3858 ει.
1315 3797 1417 3859 ΙΙΙ.
1457 3799 1725 3876 martyris

623 3897 797 3959 Plebs
837 3909 939 3958 tua
978 3897 1130 3958 Dne.
1171 3899 1352 3958 sancti
1399 3898 1665 3975 martyris
1704 3897 1789 3958 tui

625 3995 824 4056 Sancti
866 3995 964 4056 Ill.
1006 3997 1275 4073 martyris
1319 3997 1403 4055 tui
1445 3996 1595 4056 Dne.

624 4091 856 4176 [ffleati
897 4094 1162 4172 martyris
1202 4095 1286 4153 tui
1327 4094 1425 4154 Ill.
1467 4111 1577 4154 nos
1618 4114 1677 4175 q.
1718 4093 1872 4157 Dne.
1914 4095 2211 4178 precibus]

621 4190 822 4276 [Beati
861 4193 1131 4272 martyris
1171 4193 1254 4252 tui
1296 4191 1394 4253 Ill.
1437 4212 1548 4254 nos
1589 4213 1647 4272 q.
1690 4193 1843 4254 Dne.
1885 4191 2251 4276 patrociniis]

1066 4341 1146 4402 In
1186 4341 1330 4403 Nat.
1377 4342 1561 4404 Unius
1606 4341 1969 4420 Confissorzlr.
2661 4353 2813 4404 Gerb.

624 4459 847 4520 Adesto
889 4458 1040 4520 Dne.
1081 4459 1352 4538 precibus
1390 4459 1606 4520 nostris
1644 4477 1795 4538 quas
1834 4460 1896 4519 in
1935 4477 1981 4520 s.
2022 4459 2393 4521 Confessoris
2659 4435 2710 4484 p.
2738 4433 2851 4470 ²²¹'

625 4557 822 4618 Sancti
860 4557 1209 4618 confessoris
1249 4559 1332 4618 tui
1372 4555 1474 4616 Ill.
1512 4576 1624 4619 nos
1665 4576 1723 4637 q.
1765 4557 1921 4620 Dne.

622 4657 941 4735 Propitiare
985 4655 1134 4717 Dne.
1179 4677 1234 4736 q.
1278 4656 1795 4735 supplicationibus

659 4751 664 4758 ’
1327 4777 1344 4806 ¹
1381 4779 1446 4830 tn
1469 4771 1612 4830 Ναιῖ.
1639 4779 1703 4830 le.
