3342 5392
1296 457 1353 512 A
1359 457 1760 514 PPENDIX.

636 615 916 680 Oblatum
955 617 1060 678 tibi
1102 618 1253 679 Dne.
1299 621 1650 682 sacrificium
1690 621 1943 682 vivificet
1984 641 2097 684 nos

595 713 764 774 ΛΗ).
804 714 960 789 Quia
1001 735 1184 795 quum
1225 716 1580 798 Unigenitus

632 812 934 891 Supplices
975 825 1034 876 te
1075 834 1356 894 rogamus
1396 834 1456 880 0.
1496 816 1571 879 D.
1617 826 1683 878 ut
1724 837 1873 898 quos
1912 820 2027 880 tuis

627 911 932 974 Conserva
970 932 1028 991 q.
1070 913 1223 978 Dne.
1261 913 1542 975 familiam
1582 927 1744 977 tuam

1173 1081 1275 1149 'In
1309 1089 1425 1150 Oct.
1465 1091 1871 1170 stephaniae.

627 1207 794 1272 Deus
834 1211 996 1278 cuius
1037 1211 1391 1292 Unigenitus
1429 1215 1491 1274 in
1531 1217 1853 1276 substantia

592 1307 872 1370 *Hostias
911 1311 1014 1371 tibi
1053 1311 1206 1374 Dne.
1247 1332 1357 1391 pro
1397 1315 1518 1374 nati
1560 1313 1691 1374 Filii
1728 1315 1813 1375 tui
1855 1315 2215 1393 apparitione

629 1405 880 1469 Caelesti
919 1409 1137 1471 lumine
1177 1430 1236 1490 q.
1279 1411 1432 1473 Dne.
1473 1431 1705 1492 semper
1745 1425 1803 1475 et
1843 1415 2059 1494 ubique

593 1504 898 1570 *Illumina
939 1527 998 1587 q.
1042 1508 1200 1570 Dne.
1241 1511 1528 1592 populum
1569 1523 1736 1573 tuum

789 1684 963 1742 xviii
981 1681 1126 1742 Kal.
1153 1683 1286 1744 Feb.
1316 1686 1465 1746 Nat.
1494 1685 1559 1746 S.
1587 1685 1797 1747 Feliczk
1828 1685 2183 1764 Consessorzze
2197 1689 2237 1748 ¹.

631 1805 908 1868 Concede
949 1825 1008 1885 q.
1051 1825 1106 1868 o.
1147 1806 1222 1867 D.
1265 1819 1329 1868 ut
1369 1809 1446 1868 ad
1488 1810 1793 1871 meliorem

593 1901 724 1963 *Da
764 1924 822 1983 q.
863 1922 920 1966 0.
963 1903 1040 1964 D.
1084 1915 1149 1964 ut
1189 1907 1288 1984 qui
1333 1907 1540 1968 beatus
1583 1907 1747 1968 Felix

631 1999 874 2064 Hostias
912 2004 1014 2064 tibi
1053 2003 1206 2064 Dne.
1246 2024 1357 2083 pro
1399 2005 1560 2085 (prae
1604 2006 1688 2086 R)
1726 2008 2283 2069 commemoratione

593 2098 766 2160 *VD.
805 2100 882 2162 Et
921 2102 1353 2164 confessionem
1395 2105 1456 2166 S.
1499 2104 1711 2167 Felicis

643 2199 994 2262 Sanctorum
1035 2202 1304 2279 precibus
1346 2202 1706 2264 confidentes

1021 2375 1326 2436 Dominae'ca
1354 2376 1443 2436 II
1444 2385 1579 2454 post
1609 2377 2039 2456 mophamzzm.

632 2500 710 2561 O.
749 2517 797 2561 s.
840 2501 916 2559 D.
959 2501 1058 2579 qui
1100 2500 1370 2562 caelestia
1409 2502 1583 2561 simul

631 2599 855 2660 Adesto
896 2619 953 2678 q.
995 2599 1147 2660 Dne.
1189 2599 1708 2678 supplicationibus

629 2697 846 2758 Oblata
886 2697 1040 2758 Dne.
1079 2715 1325 2760 munera
1363 2698 1660 2760 sanctifica
1700 2716 1929 2779 nosque

593 2795 761 2856 *VD.
803 2795 1160 2875 Semperque
1199 2797 1438 2859 virtutes

627 2895 930 2974 Augeatur
969 2895 1030 2954 in
1072 2896 1246 2957 nobis
1285 2894 1440 2957 Dne.
1482 2915 1540 2974 q.
1583 2905 1717 2956 tuae
1758 2897 1979 2956 virtutis

630 2993 929 3054 Auxiliare
967 2992 1121 3055 Dne.
1159 2995 1379 3075 populo
1420 3004 1523 3055 tuo
1563 3006 1628 3055 ut
1668 3013 1867 3055 sacrae

883 3171 1030 3228 xvii
1048 3166 1191 3228 Kal.
1221 3167 1355 3227 Feb.
1385 3167 1528 3228 Nat.
1555 3167 1620 3230 S.
1651 3167 1935 3228 Marcelli
1953 3168 2168 3246 Papae.

629 3289 839 3352 Preces
881 3290 1081 3369 populi
1121 3292 1202 3351 tui
1244 3310 1302 3369 q.
1344 3290 1495 3352 Dne.
1538 3291 1853 3352 clementer
1894 3293 2109 3353 exaudi

630 3384 754 3470 [Da
793 3407 850 3467 q.
894 3407 950 3449 0.
990 3389 1068 3450 D.
1108 3399 1172 3448 ut
1212 3390 1312 3468 qui
1354 3391 1412 3449 b.
1455 3385 1747 3472 Marcelli]

631 3487 876 3565 Suscipe
918 3507 974 3566 q.
1017 3486 1170 3548 Dne.
1213 3506 1458 3548 munera
1498 3488 1654 3566 dign.
1700 3489 1819 3550 obl.
1858 3497 1921 3550 et
1957 3491 2015 3549 b.
2060 3487 2319 3551 Marcelli

630 3581 832 3668 [ΝΒ.
876 3585 996 3660 Qui
1038 3584 1377 3664 glorificaris
1420 3587 1481 3645 in
1523 3582 1788 3668 tuorum]

627 3683 865 3744 Satiasti
904 3682 1056 3744 Dne.
1099 3683 1376 3744 familiam
1418 3693 1580 3744 tuam

925 3855 1041 3941 [xv
1068 3856 1212 3918 Kal.
1239 3857 1376 3919 Feb.
1399 3858 1546 3920 Nat.
1577 3857 1646 3918 S.
1671 3859 1917 3920 Przkcae
1942 3859 2142 3922 Mart..

625 3982 722 4042 Da
761 4001 818 4061 q.
862 4000 920 4043 ο.
961 3981 1038 4041 D.
1078 3993 1142 4042 ut
1183 3983 1284 4060 qui
1324 3983 1384 4044 b.
1424 3982 1653 4042 Priscae

588 4079 900 4141 *Hostiam
943 4077 1072 4160 (sic)
1113 4081 1266 4141 Dne.
1308 4100 1365 4159 q.
1407 4099 1586 4159 quam
1627 4082 1695 4140 in
1732 4092 2071 4146 sanctorum

624 4177 704 4254 Q.
745 4179 899 4239 Dne.
939 4179 1280 4239 salutaribus
1320 4180 1522 4257 repleti
1563 4178 1878 4263 mysteriis]

876 4347 994 4406 xiv
1020 4342 1166 4404 Kal.
1193 4343 1328 4404 Feb.
1362 4344 1508 4406 Nat.
1533 4345 1775 4405 Mariae
1799 4353 1853 4405 et
1874 4347 2167 4407 Marthae.

619 4467 848 4530 Exaudi
889 4468 1041 4528 Dne.
1084 4469 1366 4546 populum
1405 4478 1572 4529 tuum
1611 4488 1751 4530 cum
1792 4469 2137 4532 Sanctorum

623 4567 836 4628 Preces
877 4567 1029 4628 Dne.
1071 4577 1309 4627 tuorum
1353 4569 1574 4645 respice

623 4665 972 4728 Sanctorum
1015 4676 1248 4726 tuorum
1290 4664 1442 4726 Dne.
1483 4667 1898 4727 intercessione
1939 4666 2201 4746 placatus

1005 4780 1024 4810 ²
1058 4780 1118 4828 R.
1143 4779 1234 4830 has
1256 4771 1400 4830 NatT.
1424 4780 1528 4830 Sc'e.
1557 4781 1739 4830 Felicis
1762 4781 2020 4845 inpensis.

1501 4879 1546 4926 Y

2504 471 2623 536 321

2680 1103 2832 1155 Gerb.

2680 1186 2768 1238 pp.
2796 1171 2871 1230 18,
2892 1181 2969 1238 19.

2680 1687 2829 1738 Gerb.
2842 1703 2892 1752 p.
2916 1700 2991 1752 19.

2682 2394 2836 2444 Gerb.

2683 2476 2769 2525 pp.
2794 2473 2869 2526 19,
2891 2472 2971 2509 20.

2676 3165 2833 3218 Gerb.
2848 3183 2899 3234 p.
2912 3179 2990 3218 so.

2674 3859 2832 3911 Gerb.
2846 3877 2897 3926 p.
2908 3873 2985 3912 πο.

2672 4353 2829 4404 Gerb.
2842 4371 2891 4420 p.
2906 4367 2983 4406 20.
