3342 5392
413 848 564 901 Gerb.
575 866 622 916 p.
637 847 718 900 62.

411 1515 564 1568 Gerb.
579 1531 628 1582 p.
637 1513 719 1578 63.

409 2177 544 2230 Gerb
569 2193 621 2244 p.
637 2175 720 2242 63.

410 2841 561 2893 Gerb.

411 2923 498 2974 pp.
522 2907 602 2973 65,
620 2905 703 2958 66.

415 3613 564 3666 Gerb.
581 3630 632 3679 p.
645 3611 726 3662 66.

418 4288 568 4340 Gerb.
581 4303 629 4354 p.
649 4287 729 4352 67.

783 429 910 498 332

1655 418 1713 474 A
1722 419 1883 474 PPE
1884 419 2045 474 ΝΠ]
2042 419 2115 474 Χ.

980 580 1260 644 Caelestis
1301 579 1442 642 doni
1483 581 1891 643 benedictione
1930 593 2205 661 percepta

977 680 1210 742 Exaudi
1249 699 1306 758 q.
1351 679 1503 740 Dne.
1537 681 1823 758 gemitum
1862 679 2069 759 populi

1057 837 1241 898 Fen’a
1267 855 1304 898 v
1332 840 1416 897 ad
1437 835 1504 898 S.
1527 837 1921 916 Apollinarem
1949 835 2332 918 (Apollonart‘i
2358 835 2470 898 Εὐ.
2501 857 2553 898 v.
2586 836 2716 918 R.).

979 953 1208 1014 Tribue
1245 953 1419 1013 nobis
1459 971 1518 1030 q.
1558 951 1713 1014 Dne.
1756 952 2176 1030 indulgentiam

977 1051 1254 1114 Concede
1295 1069 1373 1110 m.
1413 1047 1489 1110 D.
1529 1061 1594 1110 ut
1633 1052 1783 1112 sicut
1824 1069 1937 1112 nos
1969 1126 1984 1142 .

974 1151 1252 1212 Concede
1291 1149 1464 1211 nobis
1505 1147 1656 1210 Dne.
1698 1169 1759 1230 q.
1800 1159 1864 1210 ut
1904 1149 2245 1212 celebraturi

977 1249 1222 1327 Vegetet
1261 1267 1374 1310 nos
1415 1245 1566 1308 Dne.
1609 1267 1839 1326 semper
1880 1259 1941 1308 et
1980 1247 2215 1308 innovet

977 1347 1261 1410 Succurre
1301 1365 1360 1426 q.
1401 1345 1556 1408 Dne.
1595 1347 1819 1426 populo
1862 1345 2211 1426 supplicanti

1205 1503 1388 1564 Feria
1427 1504 1499 1564 ω’
1529 1505 1612 1564 ad
1643 1501 1711 1564 S.
1752 1501 2098 1580 Stephanum
2144 1501 2279 1584 (Εὖ.
2320 1521 2373 1564 v.
2420 1499 2539 1583 R.).

967 1619 1258 1682 eordibus
1300 1619 1512 1680 nostris
1554 1617 1706 1681 Dne.
1750 1619 2041 1696 benignus
2082 1618 2322 1679 infunde

976 1717 1053 1780 O.
1095 1737 1142 1779 s.
1183 1717 1260 1776 D.
1299 1718 1670 1778 clementiam
1712 1728 1875 1778 tuam
1916 1717 2250 1796 suppliciter

979 1816 1290 1877 Sanctifioe
1330 1831 1443 1876 nos
1483 1835 1540 1896 q.
1583 1815 1737 1876 Dne.
1780 1815 1873 1876 his
1915 1816 2257 1876 muneribus

977 1914 1207 1992 Sumpti
1249 1914 1513 1975 sacrificii
1553 1913 1711 1974 Dne.
1750 1924 2039 1993 perpetua

975 2013 1228 2092 Protege
1269 2011 1422 2076 Dne.
1463 2011 1754 2092 populum
1791 2021 1959 2072 tuum
1999 2020 2059 2073 et
2099 2013 2160 2070 in
2202 2019 2535 2072 sanctorum

1239 2167 1548 2230 Sabbatum
1588 2175 1771 2232 vacat.
1856 2165 2220 2250 [Elemoy’na
2260 2168 2431 2228 datur
2448 2165 2512 2250 ¹.]

975 2285 1072 2346 Da
1109 2285 1284 2346 nobis
1325 2285 1758 2346 observantiam
1800 2283 1951 2344 Dne.
1990 2283 2308 2363 legitimam

975 2383 1144 2444 Deus
1177 2384 1278 2461 qui
1319 2385 1467 2444 iuste
1507 2383 1771 2444 irasceris
1804 2392 1865 2442 et
1906 2381 2223 2444 clementer

973 2481 1215 2542 Praesta
1255 2501 1313 2560 q.
1353 2500 1412 2542 o.
1455 2480 1531 2542 D.
1573 2490 1638 2541 ut
1678 2481 2028 2542 ieiuniorum

976 2579 1200 2641 Adesto
1240 2579 1393 2639 Dne.
1436 2579 1703 2639 fidelibus
1742 2579 1857 2639 tuis
1898 2589 1957 2639 et
1998 2597 2149 2658 quos

975 2677 1277 2738 Conserva
1315 2695 1373 2754 q.
1416 2677 1571 2738 Dne.
1609 2676 1895 2756 populum
1936 2687 2102 2737 tuum

1163 2833 1282 2894 Die
1320 2833 1624 2894 Domim’ca
1665 2836 1750 2894 ad
1782 2834 2027 2894 Palmas
2066 2833 2151 2893 ad
2186 2831 2252 2894 S.
2293 2831 2557 2894 Ioannem
2574 2835 2615 2894 ’.

978 2949 1054 3012 Ο.
1095 2969 1142 3011 ε.
1185 2948 1261 3010 D.
1302 2950 1402 3029 qui
1442 2949 1704 3011 humano
1742 2950 1942 3028 generi
1983 2949 2059 3009 ad
2100 2949 2445 3009 imitandum

938 3047 1138 3109 *Deus
1177 3066 1356 3128 quem
1397 3048 1635 3126 diligere
1676 3058 1735 3108 et
1774 3066 1971 3108 amare

979 3147 1120 3226 Ipsa
1158 3147 1446 3207 maiestati
1487 3157 1622 3206 tuae
1663 3145 1821 3210 Dne.
1860 3146 2059 3207 fideles
2099 3145 2355 3225 populos

979 3244 1116 3306 VD.
1155 3264 1262 3324 per
1301 3263 1484 3324 quem
1523 3245 1699 3305 nobis
1740 3244 2103 3322 indulgentia

979 3344 1220 3404 Praesta
1259 3344 1432 3404 nobis
1473 3361 1532 3404 o.
1573 3342 1650 3402 D.
1694 3353 1760 3402 ut
1800 3343 1941 3422 quia
1979 3343 2129 3403 vitiis

980 3441 1232 3502 Purifica
1271 3459 1331 3518 q.
1371 3441 1526 3502 Dne.
1567 3440 1846 3502 familiam
1886 3442 2089 3501 tuam⁸

939 3599 1120 3660 Ferz'a
1162 3601 1213 3659 ii
1247 3600 1330 3658 ad
1363 3597 1480 3659 SS.
1521 3597 1771 3659 Nereum
1812 3607 1865 3658 el
1901 3599 2217 3658 Achilleum
2245 3596 2347 3678 (R.
2376 3596 2523 3658 adds
2564 3597 2675 3658 Eb.
2720 3599 2834 3682 m).

977 3714 1075 3776 Da
1116 3734 1176 3793 q.
1219 3732 1274 3774 o.
1315 3714 1389 3774 D.
1428 3724 1493 3775 ut
1529 3715 1628 3793 qui
1669 3715 1731 3774 in
1772 3724 1857 3776 tot
1896 3713 2149 3775 adversis

983 3812 1080 3873 Da
1117 3831 1199 3873 m.
1239 3812 1314 3872 D.
1358 3822 1426 3872 ut
1461 3813 1622 3891 quod
1661 3813 1726 3872 in
1766 3815 1851 3874 tui
1892 3813 2021 3873 Filii

985 3911 1235 3989 Respice
1276 3909 1430 3971 Dne.
1471 3911 1759 3990 propitius
1798 3929 1964 3973 sacra
2004 3911 2281 3990 mysteria

986 4010 1496 4070 Sacramentorum
1537 4019 1771 4070 tuorum
1812 4009 2219 4071 benedictione

985 4107 1122 4168 Tua
1161 4125 1273 4168 nos
1313 4107 1717 4170 misericordia
1752 4106 1831 4170 D.
1872 4117 1930 4168 et
1968 4110 2046 4169 ab
2088 4108 2248 4168 omni

1157 4264 1340 4325 Fm'a
1381 4267 1454 4325 iii
1488 4267 1571 4325 ad
1605 4264 1672 4326 S.
1712 4265 1982 4326 Priscam
2022 4263 2123 4344 (R.
2166 4265 2311 4326 adds
2350 4265 2465 4326 Eb.
2508 4263 2609 4343 vi).

983 4381 1059 4443 O.
1103 4399 1148 4440 s.
1187 4379 1266 4440 D.
1309 4380 1386 4440 da
1425 4381 1596 4441 nobis
1637 4381 1719 4440 ita
1758 4380 2105 4443 Dominicae

945 4479 1099 4540 *Fac
1140 4496 1196 4540 0.
1239 4477 1318 4537 D.
1359 4490 1423 4538 ut
1463 4497 1612 4557 quae
1653 4480 1927 4541 veraciter

847 4618 864 4646 ¹
899 4620 961 4669 R.
986 4619 1138 4668 omits
1159 4617 1246 4669 the
1269 4617 1432 4668 words
1455 4617 1505 4668 in
1528 4619 1760 4670 brackets
1780 4619 1879 4670 and
1901 4619 2025 4670 adds
2046 4621 2141 4671 Εὖ.
2162 4636 2217 4672 v.

845 4685 866 4715 ¹
899 4685 1034 4734 Diae
1057 4685 1192 4734 Dor-ti
1213 4685 1285 4734 ad
1301 4683 1405 4733 εἲῆῖ
1426 4685 1552 4734 ΙοΙεᾶ
1573 4685 1765 4749 adpai:
1786 4685 1861 4734 ad
1874 4685 2146 4736 Latemnis
2168 4686 2262 4736 Εὐ.
2286 4686 2347 4734 vi
2368 4685 2429 4735 R.

845 4750 866 4780 ³
900 4751 965 4802 R.
987 4749 1113 4800 adds
1134 4757 1188 4800 at
1211 4749 1298 4801 the
1323 4749 1420 4800 end
1444 4749 1503 4799 of
1517 4750 1617 4802 this
1637 4750 1803 4802 Missa
1822 4766 1856 4801 a
1876 4752 2163 4803 Benedictio
2184 4751 2407 4802 Palmae.
