3342 5392
373 581 524 632 Gerb.

373 663 422 712 p.
452 661 563 711 140.

373 1035 524 1087 Gerb.
547 1051 636 1102 pp.

376 1114 485 1165 140,
507 1115 614 1165 141.

373 1694 524 1744 Gerb.
550 1709 636 1760 pp.

377 1773 486 1824 141,
509 1773 616 1825 142.

373 2566 522 2618 Gerb.

373 2649 423 2698 p.
451 2646 561 2696 14²·

373 3035 524 3086 Gerb.
549 3049 635 3100 pp.

376 3115 489 3166 142,
511 3114 616 3165 143·

373 3596 450 3647 Ge
453 3597 523 3645 r.b
549 3611 635 3661 pp.

378 3660 489 3726 146,
509 3673 616 3726 147-

371 4260 525 4310 Gerb.
553 4275 640 4324 pp.

380 4338 622 4390 143,144.

735 403 864 486 348
1605 411 2069 468 APPENDJX.

793 573 934 657 [viii
953 572 1098 634 Kal.
1129 572 1244 634 Iul.
1271 573 1416 636 Nat.
1449 573 1514 634 S.
1542 573 1784 634 Ioannes
1812 575 1987 652 Bapt.
2070 573 2145 634 In
2164 577 2366 653 prima
2396 577 2569 634 melisa
2598 574 2659 632 de
2684 571 2885 634 Nocte.

939 689 1222 752 Concede
1263 709 1320 769 q.
1363 709 1420 751 0.
1463 688 1539 751 D.
1583 701 1648 750 ut
1687 692 1791 769 qui
1832 692 1987 752 beati

938 787 1013 847 D.
1053 789 1218 849 cuius
1258 787 1658 850 misericordia
1700 800 2105 867 praecurrente

941 885 1183 946 Praesta
1221 906 1280 966 q.
1321 904 1380 947 0.
1424 885 1499 948 D.
1539 897 1606 948 ut
1645 889 1749 966 qui
1788 884 2087 968 caelestia]

1501 1035 1607 1094 Ad
1627 1033 1878 1094 Missam
1906 1038 1967 1094 in
1986 1033 2103 1096 Die
2122 1033 2159 1095 ¹.

937 1148 1012 1210 D.
1057 1149 1158 1229 qui
1199 1161 1568 1229 praesentem
1607 1151 1765 1212 diem
1806 1151 2207 1212 honorabilem

903 1247 1013 1310 *0.
1057 1267 1105 1310 3.
1146 1248 1228 1310 D.
1271 1251 1370 1328 qui
1413 1249 1669 1310 instituta
1710 1249 1917 1328 legalia

901 1345 1072 1408 *Tua
1113 1346 1264 1409 Dne.
1307 1348 1646 1408 muneribus
1684 1348 1883 1410 altaria
1923 1347 2303 1408 cumulamus.

901 1445 1068 1506 *VD.
1111 1446 1184 1506 In
1225 1447 1320 1506 die
1361 1446 1677 1508 festivitatis

941 1541 1144 1604 Sumat
1186 1545 1430 1606 ecclesia
1471 1555 1570 1606 1113
1611 1543 1687 1604 D.
1728 1545 1882 1605 beati
1924 1544 2165 1606 Ioannis

1575 1695 1750 1754 Alias
1784 1694 2096 1754 Orationes.

939 1805 1063 1892 [Da
1104 1827 1161 1887 q.
1203 1829 1282 1870 m.
1325 1808 1401 1869 D.
1445 1820 1508 1870 ut
1549 1811 1808 1887 mysticis
1848 1806 2124 1892 ecclesia]

937 1907 1013 1966 D.
1055 1909 1156 1987 qui
1197 1925 1308 1969 nos
1349 1910 1406 1968 b.
1450 1908 1695 1968 Ioannis
1734 1907 2027 1986 Baptistae

736 2005 1052 2084 Adfontes.
1133 2006 1212 2067 Ο.
1255 2023 1300 2068 3.
1344 2005 1419 2066 D.
1460 2007 1537 2067 da
1579 2007 1855 2068 cordibus
1898 2008 2111 2069 nostris

1140 2103 1217 2164 D.
1260 2107 1360 2185 qui
1401 2106 1695 2184 conspicis
1732 2107 1871 2184 quia
1912 2123 2021 2166 nos
2062 2105 2319 2182 undique

1136 2199 1260 2286 [Da
1303 2223 1360 2284 q.
1403 2222 1460 2264 0.
1501 2203 1576 2263 D.
1619 2205 1768 2264 intra
1810 2214 2043 2264 sanctae
2084 2203 2365 2264 ecclesiae
2406 2201 2663 2286 uterum]

1143 2297 1248 2384 [D.
1293 2304 1392 2381 qui
1437 2321 1547 2362 1103
1589 2321 1787 2362 31111113
1828 2305 1885 2362 b.
1929 2299 2202 2384 Ioannis]

1105 2397 1247 2483 [to.
1291 2415 1348 2461 et
1389 2421 1467 2460 m.
1509 2401 1584 2460 D.
1627 2405 1727 2480 qui
1770 2403 1827 2460 b.
1873 2397 2191 2483 Ioannem]

1197 2556 1288 2612 vii
1307 2550 1452 2612 Kal.
1479 2551 1594 2612 Iul.
1638 2552 1760 2630 Vaegr.
1791 2551 1905 2612 SS.
1934 2551 2176 2612 Ioannis
2200 2559 2253 2612 et
2274 2551 2475 2612 Pauli.

943 2665 1254 2730 Beatorum
1295 2678 1616 2746 martyrum
1657 2668 1901 2730 Ioannis
1943 2680 2002 2729 et
2043 2668 2209 2730 Pauli

943 2763 1072 2826 Sint
1111 2767 1214 2826 tibi
1256 2786 1313 2845 q.
1357 2765 1508 2826 Dne.
1553 2769 1733 2827 nostri
1778 2785 2021 2826 munera
2062 2777 2229 2844 grata

939 2864 1190 2943 Protege
1229 2864 1380 2925 Dne.
1425 2865 1656 2943 plebem
1698 2877 1857 2926 tuam
1900 2874 1957 2926 et
1998 2883 2178 2944 quam
2220 2875 2536 2940 martyrum

1194 3017 1260 3074 vi
1280 3011 1421 3076 Kal.
1452 3015 1566 3075 Iul.
1594 3013 1737 3076 Nat.
1768 3013 1884 3076 SS.
1911 3013 2151 3075 Ioannis·
2175 3022 2230 3073 et
2250 3013 2448 3074 Pauli.

939 3131 1018 3204 Q.
1060 3150 1115 3192 0.
1158 3131 1235 3192 D.
1283 3141 1348 3191 ut
1387 3149 1498 3192 nos
1540 3133 1835 3210 geminata

939 3230 1185 3290 Hostias
1225 3230 1499 3290 altaribus
1541 3231 1654 3290 tuis
1697 3228 1849 3290 Dne.
1892 3230 2235 3309 placationis
2326 3305 2331 3310 ,

901 3327 1069 3389 *VD.
1113 3327 1278 3388 Beati
1319 3328 1534 3388 etenim
1575 3339 1860 3406 martyres

940 3427 1184 3505 Sumpta
1222 3445 1464 3488 munera
1505 3426 1656 3488 Dne.
1699 3439 1935 3487 nostrae

1423 3574 1602 3634 Hebd.
1633 3577 1701 3634 vi
1706 3583 1841 3652 post
1860 3575 2230 3635 Pentecosten.

935 3691 1032 3752 Da
1071 3691 1239 3753 nobis
1280 3690 1431 3752 Dne.
1473 3709 1530 3767 q.
1573 3700 1636 3750 ut
1677 3701 1735 3751 et
1774 3690 1977 3750 mundi
2020 3695 2227 3750 cursus

935 3790 1164 3850 Exaudi
1205 3808 1317 3850 1103
1358 3788 1432 3847 D.
1475 3790 1738 3848 salutaris
1780 3801 1975 3849 noster

938 3889 1347 3951 oblationibus
1387 3906 1442 3965 q.
1487 3886 1640 3946 Dne.
1684 3887 1916 3965 placare
1962 3888 2247 3964 susceptis
2289 3895 2347 3946 et
2390 3885 2465 3945 ad
2509 3895 2565 3946 te

935 3987 1069 4048 VD.
1109 3985 1479 4047 Maiestatem
1522 3997 1683 4046 tuam
1725 3986 2056 4064 suppliciter
2097 3985 2480 4063 deprecantes

938 4085 1220 4164 Mysteria
1259 4103 1370 4144 1103
1410 4082 1562 4144 Dne.
1607 4095 1811 4144 sancta
1850 4085 2154 4162 purificent

1197 4237 1258 4294 iv
1285 4232 1427 4293 Kal.
1456 4232 1572 4292 Iul.
1618 4233 1741 4311 γῆς.
1767 4231 1823 4291 A
1818 4241 1966 4311 post.
1993 4232 2165 4293 Petri
2184 4239 2239 4294 et
2260 4229 2461 4290 Pauli.

941 4352 1017 4411 D.
1058 4351 1162 4428 qui
1203 4349 1374 4410 nobis
1414 4349 1814 4428 apostolorum
1855 4350 2159 4410 beatorum

941 4450 1176 4511 Praesta
1215 4468 1272 4528 q.
1317 4467 1374 4509 o.
1413 4447 1490 4508 D.
1533 4458 1596 4508 ut
1637 4447 1808 4507 nullis
1850 4465 1961 4507 nos
2000 4447 2299 4524 permittas

902 4549 1188 4610 *Munera
1228 4547 1381 4609 Dne.
1423 4558 1554 4608 tuae
1595 4545 2031 4625 glorificationis
2073 4545 2371 4604 offerimus

989 4737 1008 4768 ²
1039 4739 1101 4789 R.
1127 4739 1216 4788 1133
1239 4738 1342 4788 viii
1363 4739 1450 4789 Κτ-
1476 4738 1578 4790 Iaed.
1605 4728 1749 4790 Nat—l.
1776 4738 1862 4788 Sc?
1884 4734 2135 4790 Iohannis
2154 4735 2381 4801 Baptista
2402 4733 2473 4784 ad
2490 4733 2671 4785 Mul-sa.
