3342 5392
483 464 524 513 1.
547 466 710 529 xxvi]
1103 466 1532 523 ROMANAE
1573 466 2066 523 ECCLESIAE.
2600 472 2684 541 35

1129 632 1330 697 Feria
1356 634 1416 697 iz·
1440 630 1757 697 Hebdom.
1793 632 2037 697 Tertia.

572 760 924 840 Conserva,
945 760 1256 839 Domine,
1283 760 1603 825 familiam
1635 769 1823 829 tuam
1855 760 2049 825 bonis
2079 778 2343 842 semper
2372 759 2685 843 operibus
2736 766 2798 815 R.
2820 764 2871 817 S.

481 866 832 945 eruditam,
891 873 960 929 et
1017 865 1111 931 sic
1170 866 1626 948 praesentibus
1687 864 2032 930 consolare
2092 863 2403 930 subsidiis
2464 872 2540 928 ut
2596 863 2683 928 ad
2736 832 3011 957 {3520}ss

481 988 768 1051 superna
790 966 844 1007 ¹⁰
868 970 1190 1054 perducas
1218 970 1396 1033 dona
1424 968 1773 1051 propitius
1862 968 2004 1034 Per.
2738 964 2874 1013 Men.
2900 964 2978 1025 48·

571 1072 698 1149 Da,
715 1093 1132 1156 quaesumus,
1161 1072 1586 1156 omnipotens
1617 1072 1820 1151 DeuS,
1843 1080 1919 1136 ut
1949 1070 2389 1136 abstinentiae
2421 1078 2687 1135 nostrae

482 1177 978 1242 restaurationis
1024 1176 1314 1240 exordiis
1372 1185 1865 1260 competentem
1918 1174 2137 1258 dignis
2187 1192 2689 1257 praecurramus

479 1278 728 1345 officiis.
818 1280 942 1343 Per
962 1275 1035 1342 ¹⁷.

330 1388 454 1445 523
1454 1374 1749 1431 Secreta.

571 1486 760 1553 Haec
819 1506 940 1552 nos
998 1488 1196 1553 beata
1263 1487 1597 1569 mysteria,
1656 1486 1861 1563 Deus,
1920 1483 2238 1569 principia
2296 1504 2417 1548 sua
2490 1494 2687 1568 aptos

481 1590 766 1657 efficiant
794 1610 1151 1657 recensere.
1241 1583 1444 1677 [Per-J

568 1696 772 1779 Infra
798 1698 1132 1774 actionem,
1161 1704 1238 1759 ut
1260 1704 1478 1777 supra.
1570 1693 1890 1777 Sequitur

1335 1865 1839 1922 Posteommun.

573 1977 763 2061 Quos
807 1978 1048 2043 ieiunia
1089 1979 1315 2044 votiva
1358 1978 1709 2060 castigant,
1755 1988 1889 2057 tua,
1935 1976 2245 2058 Domine,
2278 1986 2689 2043 sacramenta
2744 1986 2807 2038 R.
2832 1986 2884 2037 S.

484 2082 828 2166 purificent
852 2080 946 2161 ¹⁸3
1004 2093 1100 2161 ut,
1144 2083 1422 2148 terrenis
1467 2080 1813 2148 affectibus
1861 2082 2200 2167 mitigatiS,
2243 2081 2497 2149 facilius
2542 2102 2689 2148 cae·
2743 2054 2895 2184 {gb
2919 2066 3000 2117 ⁵⁰’

486 2187 678 2252 lestia
707 2187 1067 2272 capiamus.
1154 2185 1297 2251 Per.

1326 2314 1438 2371 Ad
1480 2315 1838 2385 :Populum

574 2426 842 2493 Gratias
885 2427 1008 2493 tibi
1053 2425 1307 2507 reserat,
1342 2428 1650 2507 Domine,
1681 2429 1881 2492 corde
1916 2427 2217 2493 subiecto
2260 2434 2378 2492 tua
2422 2447 2687 2510 semper
2744 2432 2807 2485 R.
2830 2433 2880 2483 S·

485 2531 778 2611 ecclesia,
821 2542 892 2598 et
934 2542 1413 2615 consequenter
1458 2533 1777 2613 obtineat,
1823 2542 1899 2598 ut
1957 2532 2453 2597 observationes
2511 2532 2687 2597 anti·
2742 2498 3000 2614 ξζᾜξίδα

486 2656 651 2719 quas
681 2636 919 2719 iugiter
947 2635 1350 2701 recensendo
1381 2635 1685 2718 proficiat
1715 2636 1780 2700 in
1816 2635 2131 2702 futurum.
2222 2634 2365 2701 Per.
2742 2628 2905 2695 infra.

1121 2813 1326 2879 Feria
1354 2814 1440 2880 iii
1469 2814 1785 2880 Hebdom.
1819 2818 2037 2881 tertia.

577 2936 982 3021 Prosequere
1047 2954 1171 3001 nos
1235 2937 1654 3020 omnipotens
1709 2936 1933 3014 Deus;
2004 2945 2073 3000 et
2133 2956 2301 3019 quos
2367 2936 2454 3000 ab
2528 2938 2695 3003 escis
2746 2944 2809 2994 R.
2833 2944 2883 2995 S-

485 3040 859 3105 carnalibus
889 3041 1212 3125 praecipis
1240 3040 1572 3105 abstinere
1599 3061 1640 3105 a
1670 3040 1895 3104 noxiis
1925 3059 2191 3125 quoque
2218 3040 2393 3106 vitiis
2436 3060 2694 3105 cessare
2745 3010 3005 3125 gssrlssgg’i‘i’·

485 3145 798 3210 concede.
887 3145 1012 3210 Per
1029 3143 1103 3207 ¹⁹.
2746 3140 2909 3205 insta.

575 3248 700 3327 Da,
732 3268 1150 3331 quaesumuS,
1170 3247 1478 3327 Domine,
1509 3266 1630 3311 rex
1661 3255 1928 3312 aeterne
1958 3256 2369 3326 cunctorum,
2395 3255 2470 3312 ut
2499 3267 2690 3314 sacro
2744 3268 2793 3319 s.
2822 3268 2958 3332 (Fer.
2978 3268 3052 3331 v.)

485 3373 609 3417 nos
653 3351 1034 3435 purificatos
1079 3352 1320 3416 ieiunio
1370 3352 1636 3416 sinceris
1681 3370 1946 3435 quoque
1968 3348 2025 3389 ²⁰
2064 3350 2399 3416 mentibus
2442 3352 2528 3416 ad
2575 3359 2693 3418 tua
2745 3334 2896 3384 Geth.
2924 3344 3004 3393 ⁵¹·

483 3466 720 3521 sancta
746 3466 1028 3522 ventura
1063 3454 1265 3521 facias
1294 3455 1658 3539 pervenire.
1750 3455 1891 3521 Per.
2743 3399 2882 3449 Pam.
2911 3411 3021 3461 ’μ

1446 3626 1740 3683 Secreta

574 3740 675 3806 Ut
732 3750 1008 3824 accepta
1057 3740 1206 3819 sint,
1261 3739 1570 3819 Domine,
1629 3750 1861 3805 nostra
1920 3738 2180 3817 ieiunia,
2226 3748 2491 3823 praesta
2548 3761 2691 3816 nos,
2745 3754 2886 3808 Pam.
2913 3771 3021 3820 304·

483 3864 906 3928 quaesumu8‚
977 3844 1170 3909 huius
1257 3863 1532 3909 munere
1605 3845 2001 3910 sacramenti
2077 3842 2497 3929 purificatum
2572 3844 2693 3909 tibi

483 3957 718 4031 pectus
763 3947 1018 4013 offerre.
1108 3947 1256 4013 Per.
1300 3975 1342 4030 y

1349 4093 1853 4151 Postoommtm.

575 4205 986 4273 Sacramenti
1029 4206 1146 4287 tui,
1179 4206 1487 4285 Domine,
1519 4208 1895 4273 veneranda
1925 4208 2267 4292 perceptio
2298 4218 2366 4273 et
2406 4209 2694 4291 mystico
2744 4218 2793 4270 S.
2823 4218 2961 4284 (Fer.
2978 4220 3054 4281 v.)

485 4331 609 4375 nos
640 4311 918 4376 mundet
948 4309 1186 4375 effectu
1217 4320 1286 4376 et
1317 4320 1636 4395 perpetua
1667 4312 1913 4377 virtute
1953 4312 2282 4378 defendat.
2373 4311 2517 4378 Per.
2746 4285 2898 4400 ἓξὲξ
2915 4299 3025 4411 ξέὀ

656 4414 660 4417 ἢ
1247 4424 1255 4433 “
1732 4418 1741 4427 ”
2746 4414 2882 4466 Men.
2909 4429 2987 4479 50.

1332 4482 1445 4538 Ad
1487 4482 1844 4552 Populum.

575 4594 900 4674 Concede,
961 4594 1326 4660 misericors
1387 4597 1590 4675 Deus,
1649 4606 1726 4660 ut
1799 4596 2079 4661 devotus
2138 4596 2259 4662 tibi
2336 4598 2619 4681 populus
2639 4595 2690 4636 ²¹
2742 4607 2807 4658 R.
2833 4609 2884 4659 S.

479 4720 747 4782 semper
790 4701 1060 4775 existat,
1119 4710 1187 4765 et
1245 4701 1329 4765 de
1383 4710 1500 4764 tua
1559 4698 1914 4765 clementia
1967 4699 2148 4783 quod
2209 4701 2268 4763 ei
2329 4702 2539 4784 prosit
2592 4702 2691 4766 in·
2744 4674 3024 4801 ἓξὲξ

480 4803 856 4889 desinenter
885 4804 1204 4869 obtineat.
1297 4804 1439 4870 Per.
2445 4803 2513 4851 lvi
2528 4803 2689 4869 infra.
2746 4806 2883 4855 Men·
2906 4821 2985 4869 49·

1529 4922 1651 4975 D2
