3342 5392
263 626 270 637 .
367 593 522 644 Leon.
548 593 660 659 378.

369 897 430 946 R.
455 897 506 947 S.

365 961 517 1013 Gerb.
547 974 658 1024 131.

364 1027 506 1077 Pam.
532 1041 645 1091 305.

365 1093 517 1143 Leon.
544 1093 658 1156 360.

372 3168 534 3217 Leofr.
557 3180 666 3232 ²²9·

370 3233 449 3283 Cf.
472 3233 575 3282 xliv

737 423 859 489 130
1295 413 1548 470 LIBER
1588 412 2367 470 SACRAMENTORUM
2654 413 2724 480 [1.
2748 413 2931 464 lxxxv.

727 576 1004 660 spiritali
1024 576 1076 615 ¹⁶
1105 577 1625 644 sanctificatione
1667 578 1995 655 secundet,
2031 585 2101 641 et
2145 577 2345 641 castis
2372 576 2633 660 gaudiis
2660 597 2929 662 semper

730 690 1056 746 exerceat.
1147 681 1289 746 Per.

1567 776 1681 832 Ad
1723 775 2085 846 Populum.

820 889 1120 954 Ecclesia
1192 899 1328 968 tua,
1398 889 1711 968 Domine,
1776 887 2044 954 caelesti
2118 888 2333 971 gratia
2355 885 2411 926 ¹⁶
2473 887 2806 971 repleatur
2859 897 2933 951 et

730 1002 1022 1069 crescat3
1066 1003 1272 1076 atque
1315 994 1403 1057 ab
1444 993 1759 1058 omnibus
1794 992 1973 1057 vitiis
2014 993 2285 1077 expiata
2328 991 2651 1076 percipiat
2686 991 2933 1073 sempi-

732 1108 959 1163 ternae
1003 1097 1478 1180 redemptionis
1523 1109 1957 1179 augmentum
1985 1093 2056 1175 ¹'¹,
2090 1107 2167 1162 ut
2186 1094 2238 1133 ¹⁸
2275 1095 2455 1177 quod
2502 1095 2571 1158 in
2616 1096 2935 1159 membris

729 1202 866 1264 suis
924 1200 1194 1286 copiosa
1216 1199 1270 1240 ¹⁹
1314 1211 1695 1285 temporum
1741 1201 2206 1283 prorogatione
2228 1195 2283 1234 ²⁰
2319 1207 2689 1273 veneratur,
2734 1197 2931 1282 spiri-

728 1304 964 1370 talium
990 1304 1039 1342 ²¹
1115 1305 1333 1389 capiat
1425 1305 1733 1386 largitate
1820 1307 2145 1369 donorum
2166 1299 2237 1366 ²².
2348 1302 2473 1368 Per
2560 1303 2931 1368 Dominum

727 1419 1046 1474 nostrum.

793 1545 810 1574 ¹
845 1545 916 1596 So
948 1545 1012 1595 V.
1219 1545 1242 1576 ³
1275 1546 1338 1596 V.
1380 1546 1532 1596 omits
1577 1551 1640 1606 te,
1683 1544 1849 1595 which
1886 1545 1933 1594 is
1973 1545 2189 1595 restored
2230 1543 2361 1594 stom
2406 1545 2469 1594 R.
2504 1543 2556 1594 S.
2596 1543 2749 1594 Gerb.
2787 1543 2931 1593 Pam.

725 1612 746 1642 ⁸
777 1611 1124 1662 delectamenta
1145 1611 1290 1662 Pam..
1413 1609 1432 1638 4
1449 1611 1670 1676 fallacia
1692 1609 1745 1660 S²
1768 1609 1919 1660 Gerb.
1943 1611 2079 1661 Pam.
2098 1627 2112 1670 3
2146 1609 2207 1658 V.
2226 1610 2287 1659 R.
2306 1610 2360 1660 S¹
2386 1625 2442 1660 as
2462 1618 2579 1661 text.
2712 1608 2733 1637 ⁶
2750 1607 2933 1674 forma

728 1677 867 1728 nobis
888 1676 951 1727 V.
974 1692 988 1736 3
1023 1675 1084 1724 R.
1109 1675 1162 1725 S.
1186 1677 1339 1726 Gerb.
1357 1677 1496 1726 Pam.
1520 1692 1577 1726 as
1597 1684 1718 1726 text.
2009 1672 2032 1702 ⁸
2062 1691 2149 1724 nec
2164 1675 2221 1724 S'
2242 1675 2423 1735 Gerb.3
2461 1676 2525 1725 V.
2550 1675 2611 1724 R.
2634 1673 2689 1724 S¹
2710 1673 2851 1725 Pam.
2872 1689 2933 1722 n

727 1749 847 1794 text.
1107 1740 1128 1770 '
1159 1742 1381 1792 sensibus
1402 1742 1587 1792 nostris
1607 1755 1910 1806 quaesumus
1932 1741 2151 1790 Domine
2172 1741 2345 1790 lumen
2365 1747 2595 1790 sanctum
2616 1745 2765 1788 tuum
2788 1739 2852 1788 V.
2876 1739 2931 1788 in

729 1820 816 1858 111.
844 1807 1011 1857 lxxxiv
1031 1805 1176 1871 infra
1199 1806 1296 1857 and
1318 1808 1458 1857 Pam.
1648 1805 1668 1835 ⁸
1682 1807 1911 1872 fidenter
1928 1806 2127 1855 intrare
2146 1805 2301 1856 Leon.
2320 1823 2333 1867 3
2366 1806 2426 1854 V.
2454 1806 2515 1854 R.
2538 1805 2591 1856 S.
2614 1806 2767 1855 Gerb.
2790 1804 2934 1853 Pam.

729 1889 786 1923 u
806 1880 928 1923 text.
1165 1872 1186 1902 ⁹
1218 1873 1282 1922 V.
1305 1873 1480 1922 inserts
1499 1878 1574 1928 et3
1610 1871 1671 1924 R.
1698 1871 1749 1922 S.
1774 1872 1927 1922 Gerb.
1948 1872 2088 1921 Pam.
2111 1871 2266 1921 Leon.
2290 1888 2347 1922 as
2367 1879 2485 1922 text.
2704 1870 2745 1900 ¹⁰
2773 1870 2931 1918 trini·

727 1938 851 1988 tatis
871 1937 934 1988 V.
1132 1937 1170 1966 ¹²
1191 1937 1254 1986 V.
1278 1939 1429 1988 omits
1449 1943 1514 2000 et,
1535 1937 1701 1988 which
1722 1938 1768 1988 is
1788 1937 2005 1988 restored
2026 1935 2153 1986 from
2175 1937 2269 1997 R.3
2300 1936 2613 2003 differentiae
2639 1934 2933 1986 discretione

731 2005 866 2054 Men.
889 2020 900 2062 3
933 2002 1218 2069 defferentza
1249 2001 1560 2053 dakcretzbnis
1589 2003 1641 2053 S.
1678 2002 1827 2053 Gerb.
1862 2002 2000 2052 Pam.
2264 2001 2301 2030 ¹²
2330 2009 2377 2052 et
2396 2002 2629 2052 essentiae
2653 2002 2748 2057 V.3
2783 2001 2849 2050 R.
2875 1999 2929 2050 S.

730 2070 883 2119 Gerb.
908 2069 1046 2118 Pam.
1071 2069 1208 2119 Men.
1229 2085 1286 2118 u
1307 2076 1426 2118 text.
1613 2067 1652 2098 ¹⁸
1685 2066 1740 2118 S²
1762 2068 1853 2117 bas
1874 2068 1977 2116 Per
2000 2066 2261 2118 Christum
2285 2066 2600 2125 Domimmn
2631 2065 2687 2117 S¹
2706 2065 2832 2116 adds
2850 2065 2937 2114 vel

763 2150 883 2183 uam
905 2135 1121 2183 laudant
1139 2134 1310 2198 angeli
1321 2151 1335 2190 3
1369 2134 1520 2184 Gerb.
1543 2133 1636 2184 has
1657 2133 1763 2182 Per
1788 2132 2066 2183 Christum.
2129 2134 2297 2196 Quam
2318 2132 2535 2181 laudant
2552 2132 2752 2198 asqgele‘3
2785 2131 2929 2180 Pam.

789 2216 866 2249 en.
894 2201 1061 2263 Quam
1083 2199 1299 2248 laudant
1320 2199 1492 2263 angoeli
1505 2215 1518 2256 3
1551 2199 1616 2248 V.
1639 2199 1706 2248 R.
1730 2213 1785 2248 ns
1806 2205 1925 2248 text.
2066 2197 2104 2228 ¹⁴
2132 2199 2288 2248 Leon.
2310 2199 2486 2247 inserts
2507 2203 2568 2247 et.
2717 2195 2757 2228 ¹⁸
2787 2194 2932 2244 Pam.

729 2265 883 2315 omits
903 2281 927 2313 s
973 2264 1144 2314 ‘ritaltl
1287 2263 1328 2295 ¹⁸
1351 2265 1553 2330 gratiae
1574 2264 1638 2315 V.
1659 2281 1673 2320 3
1710 2265 1773 2314 R.
1796 2264 1847 2315 S.
1874 2264 2026 2314 Gerb.
2052 2264 2193 2314 Pam.
2215 2264 2371 2314 Leom
2393 2278 2450 2312 as
2472 2269 2591 2312 text.
2738 2259 2774 2290 ¹²
2804 2277 2934 2325 aug·

730 2336 901 2380 mentu
974 2367 988 2380 .
1253 2327 1292 2358 ¹⁸
1319 2335 1370 2378 et
1388 2330 1452 2379 R.
1477 2329 1626 2380 Gerb.
1650 2328 1791 2380 Pam.
2054 2328 2094 2359 ¹⁹
2122 2329 2333 2393 copiosae
2354 2327 2450 2387 V.3
2482 2329 2660 2393 copiose
2680 2326 2735 2377 5ι
2756 2327 2894 2376 Pam.
2916 2343 2933 2386 3

732 2395 799 2445 R.
823 2396 978 2446 Leon.
1003 2393 1059 2445 S⁸
1080 2395 1231 2446 Gerb.
1253 2409 1310 2444 as
1331 2402 1452 2446 text.
1769 2393 1809 2424 ¹³
1903 2395 2179 2458 μορῶν
2202 2393 2266 2443 V.
2290 2393 2391 2443 and
2412 2408 2471 2442 so
2494 2393 2553 2444 R.
2578 2391 2667 2454 S²3
2698 2391 2755 2442 S'
2776 2391 2929 2442 Gerb.

732 2460 1049 2576 1⁶32}th
1074 2467 1310 2576 asntczxot'io
1413 2459 1716 2575 ”Pffsitali
1734 2461 1799 2512 V.
1824 2401 2039 2510 gam.
2058 2475 2073 2520 3
2106 2459 2369 2526 sparitdza
2390 2458 2451 2509 R.
2470 2473 2487 2519 3
2518 2459 2675 2510 Leon.
2698 2457 2755 2508 S'
2776 2457 2933 2508 Gerb.

729 2541 786 2575 as
1311 2541 1430 2574 rum
1493 2541 1592 2576 am.

1661 2781 2003 2838 LXXXV.

959 2911 1432 2974 BENEmcno
1471 2922 1707 2974 SUPER
1754 2923 1887 2974 Eos
1932 2925 2065 2988 Qm
2111 2926 2212 2976 DE
2254 2911 2566 2978 ARIANA
2610 2926 2713 2975 An

1109 3012 1616 3079 CATHochM
1662 3027 2027 3080 REDEUNT
2074 3028 2475 3080 υΝῙΤΑτΕΜ
2508 3015 2553 3078 ¹.

822 3152 1116 3218 Domine
1177 3150 1365 3217 Deus
1424 3153 1865 3236 omnipotens,
1931 3152 2133 3219 Pater
2180 3154 2457 3218 Domini
2510 3153 2719 3218 nostri
2776 3155 2929 3218 Iesu

736 3257 1003 3336 Christi,
1015 3257 1130 3340 qui
1155 3257 1468 3340 dignatus
1499 3278 1570 3323 es
1593 3257 1879 3324 famulos
1910 3266 1978 3322 et
2007 3257 2287 3322 famulas
2304 3255 2592 3324 tuas²ab
2616 3279 2831 3323 errore
2860 3269 2935 3324 et

735 3359 1083 3424 mendacio
1124 3360 1474 3426 haereseos
1515 3360 1809 3425 Arianae
1838 3381 2065 3425 eruere
2082 3359 2127 3439 ³,
2155 3368 2224 3426 et
2253 3361 2339 3425 ad
2370 3359 2712 3426 ecclesiam
2744 3370 2932 3425 tuam

733 3473 1032 3529 sanctam
1065 3463 1460 3529 catholicam
1494 3486 1610 3529 eos
1643 3465 2021 3547 perducere,
2038 3475 2134 3542 tu,
2160 3464 2469 3543 Domine,
2489 3466 2683 3532 mitte
2717 3467 2785 3530 in
2814 3485 2933 3530 eos

734 3568 1058 3651 Spiritum
1119 3566 1518 3633 Paraclitum
1579 3578 1885 3633 sanctum
1905 3564 1934 3605 4
1994 3569 2361 3653 sapientiae
2412 3578 2481 3634 et
2539 3569 2934 3649 intellectuS,

729 3672 1034 3755 spiritum
1109 3671 1364 3735 consilii
1439 3681 1508 3736 et
1581 3672 1985 3737 fortitudinis
2003 3672 2049 3748 ⁶,
2108 3673 2412 3756 spiritum
2484 3674 2795 3739 scientiae
2860 3683 2933 3738 et

733 3774 1017 3858 pietatis,
1049 3783 1119 3838 et
1163 3773 1461 3858 adimple
1505 3795 1619 3838 eos
1641 3775 1690 3851 θ,
1737 3775 2048 3855 Domine,
2092 3773 2441 3860 spiritum⁷
2472 3777 2730 3842 timoris
2775 3776 2933 3856 Dei,

733 3879 800 3942 in
843 3879 1107 3943 nomine
1155 3878 1308 3942 Iesu
1350 3877 1598 3942 Christi
1651 3879 2000 3944 salvatoris
2046 3879 2249 3944 nostri
2276 3878 2322 3943 ⁸.
2415 3881 2539 3946 Per
2581 3901 2780 3963 quem
2799 3879 2825 3917 ⁹
2861 3891 2933 3945 et

733 4010 885 4053 cum
939 4010 1076 4072 quo
1127 3995 1230 4053 est
1281 3989 1403 4054 tibi
1458 3989 1670 4054 honor
1715 4000 1784 4055 et
1826 3991 2040 4074 gloria
2082 3991 2151 4055 in
2192 3991 2453 4057 saecula
2496 3992 2931 4059 saeculorum.

730 4093 978 4157 Amen.

797 4221 814 4250 ¹
849 4222 898 4270 A
919 4220 1130 4286 parallel
1149 4221 1278 4271 form
1301 4237 1513 4286 appears
1533 4221 1584 4271 in
1605 4222 1769 4272 Leofr.
1788 4222 1909 4272 with
1930 4221 2017 4273 the
2035 4222 2149 4273 title
2172 4223 2551 4274 ‘Reconciliateb
2570 4223 2933 4275 hereticorum!

734 4285 845 4335 The
877 4287 1004 4335 form
1031 4287 1084 4336 in
1107 4287 1192 4336 the
1213 4295 1315 4337 text
1335 4301 1452 4350 may
1476 4287 1538 4337 be
1559 4302 1672 4338 com
1846 4287 1968 4337 with
1990 4287 2075 4338 the
2098 4289 2252 4338 forms
2272 4290 2351 4338 for
2370 4289 2730 4338 Confirmation
2752 4290 2805 4339 in
2827 4290 2933 4338 xliv

733 4351 834 4399 and
854 4351 972 4400 lxxv
990 4358 1160 4416 supra.
1312 4349 1333 4380 ⁸
1365 4351 1662 4418 huncsamu
1686 4368 1773 4402 um
1796 4359 1945 4402 tuum
1966 4353 2052 4403 Ill.
2077 4353 2241 4404 Leofr.
2402 4352 2423 4380 ³
2453 4355 2702 4404 mendatio
2723 4355 2934 4418 heren'css

723 4417 1002 4480 pravitatis
1021 4432 1196 4466 erum
1216 4416 1377 4467 Leofr.
1673 4417 1695 4446 4
1726 4425 1802 4480 tu,
1826 4419 2060 4478 Domine,
2084 4420 2341 4484 Spiritum
2370 4425 2521 4468 tuum
2532 4421 2847 4483 paraclitum
2869 4421 2929 4468 in

732 4496 848 4530 eum
868 4481 1087 4531 emittere
1105 4483 1334 4546 dignare,
1354 4483 1596 4548 „qvir-itum
1615 4483 1780 4533 Leofr.
1946 4483 1967 4512 ⁶
1997 4485 2210 4534 virtutus
2232 4485 2395 4534 Leofr.
2577 4482 2598 4511 ⁸
2628 4500 2742 4534 eum
2764 4484 2927 4534 Leofr.

730 4543 752 4574 ¹
783 4547 972 4610 spirim
1006 4547 1199 4606 Leofr.3
1244 4546 1307 4596 V.
1348 4564 1404 4596 as
1441 4555 1563 4609 text,
1602 4549 2081 4613 ung-rammatically,
2122 4565 2178 4599 as
2222 4551 2273 4599 in
2318 4549 2420 4598 xliv
2463 4549 2563 4598 and
2604 4549 2721 4598 lxxv
2755 4556 2929 4614 supra.

731 4608 750 4637 ⁸
782 4612 981 4661 timoris
1000 4613 1098 4674 tui,
1123 4619 1184 4662 ut
1203 4614 1262 4662 in
1285 4613 1488 4662 nomine
1502 4615 1724 4664 Domini
1742 4615 1905 4664 nostri
1924 4616 2039 4665 Iesu
2068 4615 2267 4665 Christi
2284 4615 2425 4678 signo
2445 4615 2605 4664 crucis
2624 4616 2855 4680 signetur
2868 4615 2931 4664 in

732 4675 890 4724 vitam
913 4683 1168 4726 aeternam
1191 4677 1352 4728 Leofr.
1423 4680 1518 4729 But
1541 4680 1604 4729 V.
1629 4679 1681 4728 in
1704 4680 1805 4727 xliv
1824 4687 1980 4743 supr-a
2002 4695 2171 4744 agrees
2193 4679 2315 4729 with
2340 4679 2425 4730 the
2446 4687 2563 4730 text.
2709 4678 2731 4708 ⁹
2763 4679 2931 4730 Leosr.

733 4739 825 4790 has
847 4741 931 4790 the
953 4757 1090 4792 more
1113 4743 1306 4793 normal
1327 4743 1511 4808 ending
1533 4747 1636 4794 Per
1651 4745 1873 4803 eundem,
1900 4749 1991 4795 &a

3058 4777 3089 4798 S
