3342 5392
737 415 777 481 3
781 414 865 482 30
1609 405 2069 464 APPENDIX.

375 577 522 630 Gerb.
541 594 589 643 p.
606 577 684 642 53.
1385 564 1660 652 [Sabbato
1700 571 1781 628 ad
1818 567 1882 630 S.
1926 568 2271 630 Susannam.

937 682 1176 744 Praesta
1215 703 1274 762 q.
1313 702 1372 744 o.
1415 683 1490 742 D.
1533 695 1598 744 ut
1637 685 1889 762 dignitas

901 782 1105 860 *Auge
1145 781 1322 846 fidem
1363 792 1524 844 tuam
1567 782 1719 845 Dne.
1760 801 1821 860 q.
1858 784 2165 844 miseratus

900 879 1088 940 *Dne.
1131 880 1208 942 D.
1251 892 1450 941 noster
1490 881 1590 960 qui
1631 882 1691 941 in
1742 882 1833 942 his
1872 883 2069 960 potius

941 979 1075 1040 Hos
1115 977 1270 1040 Dne.
1311 997 1462 1058 quos
1503 980 1693 1040 reficis
1732 982 2109 1040 sacramentis
2150 981 2345 1040 attolle

937 1076 1085 1137 Esto
1125 1095 1182 1154 q.
1223 1077 1376 1138 Dne.
1417 1079 1704 1155 propitius
1742 1078 1899 1156 plebi
1940 1089 2073 1139 tuae
2112 1089 2171 1138 et
2212 1074 2390 1159 quae]

377 1256 530 1306 Gerb.
545 1271 592 1320 p.
606 1269 684 1320 54.
1187 1246 1330 1331 [Die
1369 1250 1689 1310 Domz'm‘ca.
1774 1250 1958 1312 Statio
1997 1254 2080 1311 ad
2113 1251 2488 1313 Hierusalem.

939 1365 1218 1426 Concede
1258 1385 1316 1444 q.
1359 1382 1416 1426 o.
1459 1365 1537 1424 D.
1578 1377 1643 1426 ut
1682 1367 1786 1445 qui
1828 1385 1901 1427 ex
1944 1369 2153 1428 merito

937 1463 1102 1524 Deus
1143 1464 1244 1540 qui
1285 1463 1348 1522 in
1389 1463 1596 1524 deserti
1637 1465 1880 1542 regione

941 1561 1250 1623 Sacrificiis
1289 1563 1693 1639 praesentibus
1736 1563 1891 1622 Dne.
1933 1583 1989 1642 q.
2032 1563 2265 1624 intende

902 1659 1073 1722 *VD.
1117 1660 1508 1738 glorificantes
1548 1670 1612 1721 et
1651 1661 1727 1720 de
1768 1661 2089 1738 praeteritis

943 1757 1039 1818 Da
1077 1758 1246 1818 nobis
1286 1776 1362 1818 m.
1405 1758 1480 1817 D.
1524 1769 1586 1818 ut
1626 1769 1829 1818 sancta
1868 1771 1969 1818 tua

943 1855 1042 1915 Tu
1081 1875 1310 1934 semper
1351 1875 1408 1934 q.
1452 1856 1604 1916 Dne.
1647 1867 1809 1916 tuam
1853 1854 2073 1938 attolle]

381 2039 532 2090 Gerb.
547 2053 688 2105 1155·
1227 2025 1430 2110 [Feria
1472 2032 1526 2089 ii
1558 2031 1640 2088 ad
1673 2027 1783 2091 SS.
1831 2030 2087 2104 Qualuor
2118 2031 2439 2094 Coronalos.

939 2145 1209 2205 Proficiat
1247 2163 1306 2222 q.
1352 2144 1510 2204 Dne.
1553 2145 1723 2223 plebs
1764 2147 1864 2206 tibi
1907 2145 2099 2207 dicata

940 2243 1178 2303 Praesta
1214 2261 1272 2320 q.
1312 2261 1367 2303 o.
1411 2242 1487 2302 D.
1529 2255 1594 2302 ut
1636 2245 1739 2322 qui
1780 2244 1841 2302 in
1882 2254 1983 2305 tua

941 2340 1184 2402 Cunctis
1223 2358 1336 2400 nos
1375 2337 1532 2402 Dne.
1572 2343 1826 2402 reatibus
1866 2354 1925 2403 et
1964 2344 2237 2422 periculis

939 2439 1134 2500 Divini
1173 2439 1364 2499 satiati
1405 2441 1664 2500 muneris
1706 2440 1967 2517 largitate

941 2537 1203 2597 Tueatur
1242 2556 1300 2615 q.
1343 2536 1496 2596 Dne.
1541 2539 1779 2598 dextera
1815 2535 1945 2619 tua]

379 2685 532 2772 Cerb.
1110 2708 1316 2793 [Feria
1357 2714 1434 2771 iii
1467 2714 1549 2771 ad
1583 2711 1649 2773 S.
1690 2712 2065 2773 Laurentium
2108 2717 2169 2772 in
2210 2713 2467 2774 Damaso
2485 2711 2549 2794 ¹].

377 2801 557 2852 PP·⁵⁵’
575 2785 658 2850 ⁵⁶·
943 2828 1155 2887 Sacrae
1195 2827 1366 2888 nobis
1406 2826 1560 2887 Dne.
1600 2847 1658 2906 q.
1700 2829 2117 2890 observationis

903 2925 1290 2988 *Exercitatio
1331 2923 1664 3005 (Exorcicio
1708 2923 1805 3004 R.)
1847 2927 2177 2987 veneranda
2217 2927 2369 2989 Dne.
2413 2929 2608 2988 ieiunii

942 3023 1192 3084 Purifica
1233 3043 1342 3084 nos
1382 3043 1461 3086 m.
1507 3023 1582 3085 D.
1625 3037 1689 3086 ut
1728 3025 2009 3086 ecclesiae

943 3122 1232 3184 Caelestia
1273 3123 1432 3183 dona
1473 3124 1843 3201 capientibus
1882 3141 1940 3202 q.
1982 3123 2139 3184 Dne.

940 3219 1219 3282 Miserere
1260 3220 1415 3281 Dne.
1459 3223 1681 3300 populo
1724 3235 1827 3283 tuo
1868 3235 1926 3282 et
1966 3224 2260 3284 continuis

375 3403 528 3454 Gerb.
737 3396 915 3457 Feria
944 3401 1002 3458 iv
1029 3399 1112 3456 ad
1133 3396 1198 3458 S.
1226 3398 1480 3457 Paulum
1503 3397 1602 3476 (R.
1623 3397 1769 3457 adds
1790 3397 1901 3458 Εὖ.
1932 3399 2031 3456 iiie·
2048 3397 2345 3478 lizi-factis
2374 3401 2456 3458 ad
2475 3399 2593 3458 au'7
2614 3401 2948 3478 apertioni).

374 3485 460 3534 pp.
485 3468 564 3533 56'
584 3480 664 3535 ⁵⁷⁶
941 3512 1014 3574 O.
1059 3533 1103 3573 s.
1145 3513 1220 3574 D.
1265 3514 1368 3592 qui
1409 3525 1466 3573 et
1507 3514 1670 3573 iustis
1710 3514 1969 3591 praemia

940 3612 1178 3672 Praesta
1215 3631 1274 3690 q.
1315 3631 1371 3672 o.
1415 3612 1489 3672 D.
1531 3623 1594 3672 ut
1635 3630 1785 3690 quos
1826 3610 2036 3672 ieiunia
2076 3613 2269 3672 votiva

942 3709 1234 3789 Supplicis
1275 3709 1428 3770 Dne.
1470 3720 1528 3772 te
1570 3729 1848 3789 rogamus
1896 3721 1959 3769 ut
1998 3711 2090 3770 his
2131 3711 2427 3771 sacrificiis

941 3809 1320 3870 Sacramenta
1359 3828 1512 3887 quae
1553 3809 1909 3887 sumpsimus
1951 3808 2105 3868 Dne.
2148 3808 2226 3869 D.
2271 3821 2469 3870 noster

939 3908 1182 3968 Pateant
1223 3926 1392 3968 aures
1431 3908 1861 3968 misericordiae
1902 3918 2037 3967 tuae

375 4087 687 4152 Gerb.p.57.
1085 4081 1269 4142 Fm’a
1310 4103 1346 4144 v
1388 4085 1470 4164 ad
1505 4083 1568 4144 S.
1612 4083 1947 4144 Silvestrum
1994 4083 2091 4164 (R.
2138 4083 2285 4144 adds
2328 4083 2437 4142 Εὖ.
2483 4083 2632 4160 iiixl).

939 4199 1177 4258 Praesta
1217 4217 1274 4276 q.
1317 4197 1470 4259 Dne.
1513 4209 1575 4258 ut
1617 4198 1963 4258 salutaribus
2003 4199 2227 4259 ieiuniis

940 4296 1078 4356 Tua
1117 4315 1230 4357 nos
1272 4297 1424 4358 Dne.
1466 4298 1827 4375 protectione
1872 4297 2117 4358 defende

939 4395 1237 4455 Efficiatur
1278 4396 1422 4456 haec
1464 4396 1652 4456 hostia
1694 4394 1849 4456 Dne.
1889 4414 1946 4473 q.
1990 4397 2349 4456 solemnibus

944 4495 1158 4554 Sancta
1199 4505 1298 4553 tua
1338 4513 1448 4554 nos
1490 4493 1642 4553 Dne.
1686 4513 1745 4570 q.
1785 4505 1843 4553 et
1885 4494 2233 4555 vivificando

945 4591 1154 4669 Populi
1195 4593 1277 4651 tui
1319 4593 1392 4651 D.
1437 4593 1723 4652 institutor
1764 4602 1821 4651 et
1864 4603 2052 4652 rector

935 4739 950 4765 ¹
987 4741 1047 4791 R.
1073 4741 1295 4790 contains
1317 4741 1400 4791 the
1423 4755 1630 4805 prayerS,
1657 4741 1747 4791 but
1770 4739 1858 4790 has
1880 4741 1978 4792 lost
2002 4741 2085 4792 the
2110 4741 2340 4807 heading,
2360 4741 2420 4790 of
2438 4741 2537 4792 this
2558 4739 2731 4790 Missa.
