<?xml version="1.0" encoding="UTF-8"?>
<!DOCTYPE html PUBLIC "-//W3C//DTD XHTML 1.0 Transitional//EN"
    "http://www.w3.org/TR/xhtml1/DTD/xhtml1-transitional.dtd">
<html xmlns="http://www.w3.org/1999/xhtml" xml:lang="en" lang="en">
 <head>
  <title>
</title>
<meta http-equiv="Content-Type" content="text/html;charset=utf-8" />
  <meta name='ocr-system' content='tesseract 3.04.00' />
  <meta name='ocr-capabilities' content='ocr_page ocr_carea ocr_par ocr_line ocrx_word'/>
</head>
<body>
  <div class='ocr_page' id='page_1' title='image "./gelasiansacrame00gelagoog_0442.png"; bbox 0 0 3342 5392; ppageno 0'>
   <div class='ocr_carea' id='block_1_1' title="bbox 345 658 534 711">
    <p class='ocr_par' dir='ltr' id='par_1_1' title="bbox 345 658 534 711">
     <span class='ocr_line' id='line_1_1' title="bbox 345 658 534 711; baseline 0.005 -16"><span class='ocrx_word' id='word_1_1' title='bbox 345 661 398 711; x_wconf 77' lang='lat' dir='ltr'><strong>p.</strong></span> <span class='ocrx_word' id='word_1_2' title='bbox 424 658 534 710; x_wconf 70' lang='lat'>1⁴9·</span> 
     </span>
    </p>
   </div>
   <div class='ocr_carea' id='block_1_2' title="bbox 345 1159 538 1292">
    <p class='ocr_par' dir='ltr' id='par_1_2' title="bbox 345 1159 538 1292">
     <span class='ocr_line' id='line_1_2' title="bbox 345 1159 502 1212; baseline 0.006 -3"><span class='ocrx_word' id='word_1_3' title='bbox 345 1159 502 1212; x_wconf 84' lang='lat' dir='ltr'><strong>Gerb.</strong></span> 
     </span>
     <span class='ocr_line' id='line_1_3' title="bbox 346 1239 538 1292; baseline -0.005 -15"><span class='ocrx_word' id='word_1_4' title='bbox 346 1239 538 1292; x_wconf 80' lang='lat' dir='ltr'><strong>p.149.</strong></span> 
     </span>
    </p>
   </div>
   <div class='ocr_carea' id='block_1_3' title="bbox 352 1869 612 1966">
    <p class='ocr_par' dir='ltr' id='par_1_3' title="bbox 352 1869 612 1966">
     <span class='ocr_line' id='line_1_4' title="bbox 352 1869 612 1966; baseline 0.008 -18"><span class='ocrx_word' id='word_1_5' title='bbox 352 1912 462 1966; x_wconf 82' lang='lat'>149,</span> <span class='ocrx_word' id='word_1_6' title='bbox 484 1869 612 1962; x_wconf 54' lang='grc' dir='ltr'><strong>ἐξα]</strong></span> 
     </span>
    </p>
   </div>
   <div class='ocr_carea' id='block_1_4' title="bbox 346 2451 538 2546">
    <p class='ocr_par' dir='ltr' id='par_1_4' title="bbox 346 2451 538 2546">
     <span class='ocr_line' id='line_1_5' title="bbox 346 2451 538 2546; baseline -0.005 -15"><span class='ocrx_word' id='word_1_7' title='bbox 346 2451 538 2546; x_wconf 54' lang='grc' dir='ltr'><strong>Ρ.ιέα</strong></span> 
     </span>
    </p>
   </div>
   <div class='ocr_carea' id='block_1_5' title="bbox 350 3089 546 3224">
    <p class='ocr_par' dir='ltr' id='par_1_5' title="bbox 350 3089 546 3224">
     <span class='ocr_line' id='line_1_6' title="bbox 351 3089 506 3142; baseline 0 0"><span class='ocrx_word' id='word_1_8' title='bbox 351 3089 506 3142; x_wconf 85' lang='lat' dir='ltr'><strong>Gerb.</strong></span> 
     </span>
     <span class='ocr_line' id='line_1_7' title="bbox 350 3169 546 3224; baseline -0.01 -14"><span class='ocrx_word' id='word_1_9' title='bbox 350 3174 406 3224; x_wconf 84' lang='lat' dir='ltr'><strong>p.</strong></span> <span class='ocrx_word' id='word_1_10' title='bbox 433 3169 546 3224; x_wconf 81' lang='lat'><strong>¹5¹·</strong></span> 
     </span>
    </p>
   </div>
   <div class='ocr_carea' id='block_1_6' title="bbox 353 3765 620 3832">
    <p class='ocr_par' dir='ltr' id='par_1_6' title="bbox 353 3765 620 3832">
     <span class='ocr_line' id='line_1_8' title="bbox 353 3765 620 3832; baseline 0.007 -16"><span class='ocrx_word' id='word_1_11' title='bbox 353 3765 491 3816; x_wconf 59' lang='lat' dir='ltr'><strong>(hffb</strong></span> <span class='ocrx_word' id='word_1_12' title='bbox 532 3783 620 3832; x_wconf 87' lang='lat' dir='ltr'><strong>pp.</strong></span> 
     </span>
    </p>
   </div>
   <div class='ocr_carea' id='block_1_7' title="bbox 359 3805 596 3898">
    <p class='ocr_par' dir='ltr' id='par_1_7' title="bbox 359 3805 596 3898">
     <span class='ocr_line' id='line_1_9' title="bbox 359 3805 596 3898; baseline 0.008 -18"><span class='ocrx_word' id='word_1_13' title='bbox 359 3805 596 3898; x_wconf 65' lang='lat' dir='ltr'><strong>152,i53.</strong></span> 
     </span>
    </p>
   </div>
   <div class='ocr_carea' id='block_1_8' title="bbox 351 4440 541 4572">
    <p class='ocr_par' dir='ltr' id='par_1_8' title="bbox 351 4440 541 4572">
     <span class='ocr_line' id='line_1_10' title="bbox 351 4440 507 4492; baseline -0.006 0"><span class='ocrx_word' id='word_1_14' title='bbox 351 4440 507 4492; x_wconf 58' lang='lat' dir='ltr'><strong>(hub.</strong></span> 
     </span>
     <span class='ocr_line' id='line_1_11' title="bbox 351 4519 541 4572; baseline -0.005 -1"><span class='ocrx_word' id='word_1_15' title='bbox 351 4519 541 4572; x_wconf 79' lang='lat' dir='ltr'><strong>P·153·</strong></span> 
     </span>
    </p>
   </div>
   <div class='ocr_carea' id='block_1_9' title="bbox 709 417 2041 495">
    <p class='ocr_par' dir='ltr' id='par_1_9' title="bbox 709 417 2041 495">
     <span class='ocr_line' id='line_1_12' title="bbox 709 417 2041 495; baseline 0.002 -21"><span class='ocrx_word' id='word_1_16' title='bbox 709 419 838 495; x_wconf 85' lang='lat'><strong>350</strong></span> <span class='ocrx_word' id='word_1_17' title='bbox 1585 417 2041 478; x_wconf 78' lang='lat' dir='ltr'><strong>APPENDIX.</strong></span> 
     </span>
    </p>
   </div>
   <div class='ocr_carea' id='block_1_10' title="bbox 1327 580 2293 666">
    <p class='ocr_par' dir='ltr' id='par_1_10' title="bbox 1327 580 2293 666">
     <span class='ocr_line' id='line_1_13' title="bbox 1327 580 2293 666; baseline 0 -22"><span class='ocrx_word' id='word_1_18' title='bbox 1327 580 1416 666; x_wconf 78' lang='lat' dir='ltr'><strong>[iv</strong></span> <span class='ocrx_word' id='word_1_19' title='bbox 1443 584 1532 643; x_wconf 81' lang='lat' dir='ltr'><strong>Id.</strong></span> <span class='ocrx_word' id='word_1_20' title='bbox 1561 583 1679 644; x_wconf 81' lang='lat' dir='ltr'><strong>Iul.</strong></span> <span class='ocrx_word' id='word_1_21' title='bbox 1706 583 1851 646; x_wconf 85' lang='lat' dir='ltr'><strong>Nat.</strong></span> <span class='ocrx_word' id='word_1_22' title='bbox 1878 585 1971 644; x_wconf 75' lang='lat' dir='ltr'><strong>vii</strong></span> <span class='ocrx_word' id='word_1_23' title='bbox 1992 583 2293 644; x_wconf 77' lang='lat' dir='ltr'><strong>Fratrum.</strong></span> 
     </span>
    </p>
   </div>
   <div class='ocr_carea' id='block_1_11' title="bbox 911 696 2543 1080">
    <p class='ocr_par' dir='ltr' id='par_1_11' title="bbox 911 696 2041 779">
     <span class='ocr_line' id='line_1_14' title="bbox 911 696 2041 779; baseline 0.003 -21"><span class='ocrx_word' id='word_1_24' title='bbox 911 696 1152 760; x_wconf 79' lang='lat' dir='ltr'><strong>Praesta</strong></span> <span class='ocrx_word' id='word_1_25' title='bbox 1190 716 1250 777; x_wconf 91' lang='lat' dir='ltr'><strong>q.</strong></span> <span class='ocrx_word' id='word_1_26' title='bbox 1289 717 1346 760; x_wconf 94' lang='lat' dir='ltr'><strong>o.</strong></span> <span class='ocrx_word' id='word_1_27' title='bbox 1387 699 1466 759; x_wconf 92' lang='lat' dir='ltr'><strong>D.</strong></span> <span class='ocrx_word' id='word_1_28' title='bbox 1507 711 1572 761; x_wconf 89' lang='lat' dir='ltr'><strong>ut</strong></span> <span class='ocrx_word' id='word_1_29' title='bbox 1609 701 1715 779; x_wconf 91' lang='lat' dir='ltr'><strong>qui</strong></span> <span class='ocrx_word' id='word_1_30' title='bbox 1754 697 2041 778; x_wconf 79' lang='lat' dir='ltr'><strong>gloriosos</strong></span> 
     </span>
    </p>

    <p class='ocr_par' dir='ltr' id='par_1_12' title="bbox 911 795 2543 977">
     <span class='ocr_line' id='line_1_15' title="bbox 912 795 2543 880; baseline 0.001 -22"><span class='ocrx_word' id='word_1_31' title='bbox 912 795 1219 858; x_wconf 83' lang='lat' dir='ltr'><strong>Sacrificiis</strong></span> <span class='ocrx_word' id='word_1_32' title='bbox 1257 799 1664 877; x_wconf 79' lang='lat' dir='ltr'><strong>praesentibus</strong></span> <span class='ocrx_word' id='word_1_33' title='bbox 1704 797 1858 860; x_wconf 91' lang='lat' dir='ltr'><strong>Dne.</strong></span> <span class='ocrx_word' id='word_1_34' title='bbox 1900 819 1959 880; x_wconf 91' lang='lat' dir='ltr'><strong>q.</strong></span> <span class='ocrx_word' id='word_1_35' title='bbox 2002 797 2239 858; x_wconf 78' lang='lat' dir='ltr'><strong>intende</strong></span> <span class='ocrx_word' id='word_1_36' title='bbox 2277 799 2543 878; x_wconf 79' lang='lat' dir='ltr'><strong>placatus</strong></span> 
     </span>
     <span class='ocr_line' id='line_1_16' title="bbox 911 893 2266 977; baseline 0.003 -23"><span class='ocrx_word' id='word_1_37' title='bbox 911 893 1047 955; x_wconf 89' lang='lat' dir='ltr'><strong>VD.</strong></span> <span class='ocrx_word' id='word_1_38' title='bbox 1085 893 1324 958; x_wconf 77' lang='lat' dir='ltr'><strong>Donate</strong></span> <span class='ocrx_word' id='word_1_39' title='bbox 1363 899 1536 958; x_wconf 90' lang='lat' dir='ltr'><strong>nobis</strong></span> <span class='ocrx_word' id='word_1_40' title='bbox 1575 897 1913 977; x_wconf 78' lang='lat' dir='ltr'><strong>suppliciter</strong></span> <span class='ocrx_word' id='word_1_41' title='bbox 1953 907 2266 959; x_wconf 63' lang='lat' dir='ltr'><strong>exorante·</strong></span> 
     </span>
    </p>

    <p class='ocr_par' dir='ltr' id='par_1_13' title="bbox 911 991 1843 1080">
     <span class='ocr_line' id='line_1_17' title="bbox 911 991 1843 1080; baseline 0.004 -26"><span class='ocrx_word' id='word_1_42' title='bbox 911 991 992 1068; x_wconf 88' lang='lat' dir='ltr'><strong>Q.</strong></span> <span class='ocrx_word' id='word_1_43' title='bbox 1031 1011 1091 1054; x_wconf 94' lang='lat' dir='ltr'><strong>o.</strong></span> <span class='ocrx_word' id='word_1_44' title='bbox 1134 993 1210 1057; x_wconf 93' lang='lat' dir='ltr'><strong>D.</strong></span> <span class='ocrx_word' id='word_1_45' title='bbox 1249 1005 1314 1056; x_wconf 89' lang='lat' dir='ltr'><strong>ut</strong></span> <span class='ocrx_word' id='word_1_46' title='bbox 1353 995 1508 1057; x_wconf 87' lang='lat' dir='ltr'><strong>illius</strong></span> <span class='ocrx_word' id='word_1_47' title='bbox 1547 993 1843 1080; x_wconf 81' lang='lat' dir='ltr'><strong>salutaris]</strong></span> 
     </span>
    </p>
   </div>
   <div class='ocr_carea' id='block_1_12' title="bbox 1375 1157 2226 1239">
    <p class='ocr_par' dir='ltr' id='par_1_14' title="bbox 1375 1157 2226 1239">
     <span class='ocr_line' id='line_1_18' title="bbox 1375 1157 2226 1239; baseline 0.002 -21"><span class='ocrx_word' id='word_1_48' title='bbox 1375 1157 1556 1220; x_wconf 78' lang='lat' dir='ltr'><strong>Hebd.</strong></span> <span class='ocrx_word' id='word_1_49' title='bbox 1583 1161 1700 1220; x_wconf 76' lang='lat' dir='ltr'><strong>viii</strong></span> <span class='ocrx_word' id='word_1_50' title='bbox 1703 1166 1842 1239; x_wconf 79' lang='lat' dir='ltr'><strong>post</strong></span> <span class='ocrx_word' id='word_1_51' title='bbox 1860 1159 2226 1220; x_wconf 77' lang='lat' dir='ltr'><strong>Pentecosten.</strong></span> 
     </span>
    </p>
   </div>
   <div class='ocr_carea' id='block_1_13' title="bbox 871 1269 2731 1746">
    <p class='ocr_par' dir='ltr' id='par_1_15' title="bbox 873 1269 1864 1335">
     <span class='ocr_line' id='line_1_19' title="bbox 873 1269 1864 1335; baseline 0.005 -6"><span class='ocrx_word' id='word_1_52' title='bbox 873 1269 985 1332; x_wconf 70' lang='lat' dir='ltr'><strong>*D.</strong></span> <span class='ocrx_word' id='word_1_53' title='bbox 1023 1273 1293 1332; x_wconf 78' lang='lat' dir='ltr'><strong>virtutum</strong></span> <span class='ocrx_word' id='word_1_54' title='bbox 1337 1273 1502 1334; x_wconf 88' lang='lat' dir='ltr'><strong>cuius</strong></span> <span class='ocrx_word' id='word_1_55' title='bbox 1542 1283 1632 1335; x_wconf 88' lang='lat' dir='ltr'><strong>est</strong></span> <span class='ocrx_word' id='word_1_56' title='bbox 1673 1283 1864 1334; x_wconf 84' lang='lat' dir='ltr'><strong>totum</strong></span> 
     </span>
    </p>

    <p class='ocr_par' dir='ltr' id='par_1_16' title="bbox 909 1368 2093 1450">
     <span class='ocr_line' id='line_1_20' title="bbox 909 1368 2093 1450; baseline 0.003 -21"><span class='ocrx_word' id='word_1_57' title='bbox 909 1368 1010 1430; x_wconf 91' lang='lat' dir='ltr'><strong>Da</strong></span> <span class='ocrx_word' id='word_1_58' title='bbox 1049 1370 1220 1430; x_wconf 85' lang='lat' dir='ltr'><strong>nobis</strong></span> <span class='ocrx_word' id='word_1_59' title='bbox 1261 1368 1414 1435; x_wconf 91' lang='lat' dir='ltr'><strong>Dne.</strong></span> <span class='ocrx_word' id='word_1_60' title='bbox 1459 1389 1520 1450; x_wconf 90' lang='lat' dir='ltr'><strong>q.</strong></span> <span class='ocrx_word' id='word_1_61' title='bbox 1561 1381 1626 1432; x_wconf 90' lang='lat' dir='ltr'><strong>ut</strong></span> <span class='ocrx_word' id='word_1_62' title='bbox 1665 1373 1728 1432; x_wconf 89' lang='lat' dir='ltr'><strong>in</strong></span> <span class='ocrx_word' id='word_1_63' title='bbox 1766 1381 1867 1432; x_wconf 84' lang='lat' dir='ltr'><strong>tua</strong></span> <span class='ocrx_word' id='word_1_64' title='bbox 1907 1370 2093 1450; x_wconf 82' lang='lat' dir='ltr'><strong>gratia</strong></span> 
     </span>
    </p>

    <p class='ocr_par' dir='ltr' id='par_1_17' title="bbox 871 1467 2731 1652">
     <span class='ocr_line' id='line_1_21' title="bbox 911 1467 2731 1549; baseline 0.001 -21"><span class='ocrx_word' id='word_1_65' title='bbox 911 1468 1228 1546; x_wconf 88' lang='lat' dir='ltr'><strong>Propitiare</strong></span> <span class='ocrx_word' id='word_1_66' title='bbox 1269 1468 1422 1530; x_wconf 85' lang='lat' dir='ltr'><strong>Dne.</strong></span> <span class='ocrx_word' id='word_1_67' title='bbox 1465 1471 1982 1549; x_wconf 76' lang='lat' dir='ltr'><strong>supplicationibus</strong></span> <span class='ocrx_word' id='word_1_68' title='bbox 2022 1471 2236 1532; x_wconf 84' lang='lat' dir='ltr'><strong>nostris</strong></span> <span class='ocrx_word' id='word_1_69' title='bbox 2274 1480 2335 1531; x_wconf 90' lang='lat' dir='ltr'><strong>et</strong></span> <span class='ocrx_word' id='word_1_70' title='bbox 2374 1469 2481 1530; x_wconf 81' lang='lat' dir='ltr'><strong>has</strong></span> <span class='ocrx_word' id='word_1_71' title='bbox 2520 1467 2731 1549; x_wconf 87' lang='lat' dir='ltr'><strong>populi</strong></span> 
     </span>
     <span class='ocr_line' id='line_1_22' title="bbox 871 1562 1811 1652; baseline 0.009 -29"><span class='ocrx_word' id='word_1_72' title='bbox 871 1562 1072 1648; x_wconf 62' lang='grc' dir='ltr'><strong><em>[ΛΤΒ.</em></strong></span> <span class='ocrx_word' id='word_1_73' title='bbox 1115 1565 1255 1626; x_wconf 89' lang='lat' dir='ltr'><strong>Tibi</strong></span> <span class='ocrx_word' id='word_1_74' title='bbox 1294 1585 1508 1630; x_wconf 81' lang='lat' dir='ltr'><strong>vovere</strong></span> <span class='ocrx_word' id='word_1_75' title='bbox 1547 1567 1811 1652; x_wconf 88' lang='lat' dir='ltr'><strong>contriti]</strong></span> 
     </span>
    </p>

    <p class='ocr_par' dir='ltr' id='par_1_18' title="bbox 874 1664 2116 1746">
     <span class='ocr_line' id='line_1_23' title="bbox 874 1664 2116 1746; baseline 0.006 -22"><span class='ocrx_word' id='word_1_76' title='bbox 874 1664 1142 1746; x_wconf 72' lang='lat' dir='ltr'><strong>*Repleti</strong></span> <span class='ocrx_word' id='word_1_77' title='bbox 1181 1683 1387 1728; x_wconf 82' lang='lat' dir='ltr'><strong>sumus</strong></span> <span class='ocrx_word' id='word_1_78' title='bbox 1428 1665 1582 1729; x_wconf 89' lang='lat' dir='ltr'><strong>Dne.</strong></span> <span class='ocrx_word' id='word_1_79' title='bbox 1623 1669 1963 1730; x_wconf 86' lang='lat' dir='ltr'><strong>muneribus</strong></span> <span class='ocrx_word' id='word_1_80' title='bbox 2004 1670 2116 1730; x_wconf 73' lang='lat' dir='ltr'><strong>tals</strong></span> 
     </span>
    </p>
   </div>
   <div class='ocr_carea' id='block_1_14' title="bbox 1223 1827 2393 1893">
    <p class='ocr_par' dir='ltr' id='par_1_19' title="bbox 1223 1827 2393 1893">
     <span class='ocr_line' id='line_1_24' title="bbox 1223 1827 2393 1893; baseline 0.003 -5"><span class='ocrx_word' id='word_1_81' title='bbox 1223 1845 1260 1888; x_wconf 84' lang='lat' dir='ltr'><strong><em>v</em></strong></span> <span class='ocrx_word' id='word_1_82' title='bbox 1286 1827 1382 1892; x_wconf 83' lang='lat' dir='ltr'><strong>Id.</strong></span> <span class='ocrx_word' id='word_1_83' title='bbox 1410 1828 1526 1889; x_wconf 83' lang='lat' dir='ltr'><strong>Iul.</strong></span> <span class='ocrx_word' id='word_1_84' title='bbox 1554 1828 1697 1891; x_wconf 86' lang='lat' dir='ltr'><strong>Nat.</strong></span> <span class='ocrx_word' id='word_1_85' title='bbox 1727 1830 1796 1893; x_wconf 90' lang='lat' dir='ltr'><strong>S.</strong></span> <span class='ocrx_word' id='word_1_86' title='bbox 1826 1829 2121 1892; x_wconf 78' lang='lat' dir='ltr'><strong>Benedicti</strong></span> <span class='ocrx_word' id='word_1_87' title='bbox 2138 1831 2393 1892; x_wconf 66' lang='lat' dir='ltr'><strong>Abbatzze.</strong></span> 
     </span>
    </p>
   </div>
   <div class='ocr_carea' id='block_1_15' title="bbox 911 1941 2314 2320">
    <p class='ocr_par' dir='ltr' id='par_1_20' title="bbox 911 1941 2314 2320">
     <span class='ocr_line' id='line_1_25' title="bbox 913 1941 2137 2024; baseline 0.002 -20"><span class='ocrx_word' id='word_1_88' title='bbox 913 1941 1257 2004; x_wconf 86' lang='lat' dir='ltr'><strong>Intercessio</strong></span> <span class='ocrx_word' id='word_1_89' title='bbox 1293 1961 1405 2005; x_wconf 89' lang='lat' dir='ltr'><strong>nos</strong></span> <span class='ocrx_word' id='word_1_90' title='bbox 1443 1942 1594 2005; x_wconf 90' lang='lat' dir='ltr'><strong>Dne.</strong></span> <span class='ocrx_word' id='word_1_91' title='bbox 1638 1963 1695 2024; x_wconf 91' lang='lat' dir='ltr'><strong>q.</strong></span> <span class='ocrx_word' id='word_1_92' title='bbox 1736 1945 1793 2006; x_wconf 91' lang='lat' dir='ltr'><strong>b.</strong></span> <span class='ocrx_word' id='word_1_93' title='bbox 1837 1945 2137 2008; x_wconf 78' lang='lat' dir='ltr'><strong>Benedicti</strong></span> 
     </span>
     <span class='ocr_line' id='line_1_26' title="bbox 913 2040 2314 2124; baseline 0.003 -22"><span class='ocrx_word' id='word_1_94' title='bbox 913 2041 1104 2102; x_wconf 88' lang='lat' dir='ltr'><strong>Sacris</strong></span> <span class='ocrx_word' id='word_1_95' title='bbox 1144 2040 1421 2103; x_wconf 83' lang='lat' dir='ltr'><strong>altaribus</strong></span> <span class='ocrx_word' id='word_1_96' title='bbox 1461 2042 1614 2104; x_wconf 88' lang='lat' dir='ltr'><strong>Dne.</strong></span> <span class='ocrx_word' id='word_1_97' title='bbox 1656 2045 1879 2106; x_wconf 86' lang='lat' dir='ltr'><strong>hostias</strong></span> <span class='ocrx_word' id='word_1_98' title='bbox 1919 2045 2314 2124; x_wconf 82' lang='lat' dir='ltr'><strong>superpositas</strong></span> 
     </span>
     <span class='ocr_line' id='line_1_27' title="bbox 912 2139 2047 2222; baseline 0.004 -23"><span class='ocrx_word' id='word_1_99' title='bbox 912 2139 1048 2200; x_wconf 84' lang='lat' dir='ltr'><strong>VD.</strong></span> <span class='ocrx_word' id='word_1_100' title='bbox 1092 2139 1358 2200; x_wconf 85' lang='lat' dir='ltr'><strong>Gloriam</strong></span> <span class='ocrx_word' id='word_1_101' title='bbox 1398 2150 1560 2202; x_wconf 87' lang='lat' dir='ltr'><strong>tuam</strong></span> <span class='ocrx_word' id='word_1_102' title='bbox 1602 2142 1755 2204; x_wconf 88' lang='lat' dir='ltr'><strong>Dne.</strong></span> <span class='ocrx_word' id='word_1_103' title='bbox 1794 2141 2047 2222; x_wconf 81' lang='lat' dir='ltr'><strong>profusis</strong></span> 
     </span>
     <span class='ocr_line' id='line_1_28' title="bbox 911 2237 2247 2320; baseline 0.001 -20"><span class='ocrx_word' id='word_1_104' title='bbox 911 2237 1188 2316; x_wconf 81' lang='lat' dir='ltr'><strong>Protegat</strong></span> <span class='ocrx_word' id='word_1_105' title='bbox 1229 2256 1339 2301; x_wconf 86' lang='lat' dir='ltr'><strong>nos</strong></span> <span class='ocrx_word' id='word_1_106' title='bbox 1379 2238 1531 2300; x_wconf 88' lang='lat' dir='ltr'><strong>Dne.</strong></span> <span class='ocrx_word' id='word_1_107' title='bbox 1573 2259 1713 2302; x_wconf 86' lang='lat' dir='ltr'><strong>cum</strong></span> <span class='ocrx_word' id='word_1_108' title='bbox 1752 2241 1835 2301; x_wconf 90' lang='lat' dir='ltr'><strong>tui</strong></span> <span class='ocrx_word' id='word_1_109' title='bbox 1878 2241 2247 2320; x_wconf 84' lang='lat' dir='ltr'><strong>perceptione</strong></span> 
     </span>
    </p>
   </div>
   <div class='ocr_carea' id='block_1_16' title="bbox 874 2401 2241 2994">
    <p class='ocr_par' dir='ltr' id='par_1_21' title="bbox 874 2401 2241 2994">
     <span class='ocr_line' id='line_1_29' title="bbox 1399 2401 2217 2481; baseline -0.004 -17"><span class='ocrx_word' id='word_1_110' title='bbox 1399 2403 1581 2464; x_wconf 73' lang='lat' dir='ltr'><strong>Heba.</strong></span> <span class='ocrx_word' id='word_1_111' title='bbox 1609 2401 1685 2464; x_wconf 69' lang='lat' dir='ltr'><strong>fx</strong></span> <span class='ocrx_word' id='word_1_112' title='bbox 1698 2412 1834 2481; x_wconf 83' lang='lat' dir='ltr'><strong>post</strong></span> <span class='ocrx_word' id='word_1_113' title='bbox 1853 2403 2217 2463; x_wconf 75' lang='lat' dir='ltr'><strong>Pentecosten.</strong></span> 
     </span>
     <span class='ocr_line' id='line_1_30' title="bbox 879 2517 2241 2600; baseline -0.001 -22"><span class='ocrx_word' id='word_1_114' title='bbox 879 2521 988 2581; x_wconf 67' lang='lat' dir='ltr'><strong>*D.</strong></span> <span class='ocrx_word' id='word_1_115' title='bbox 1027 2521 1194 2582; x_wconf 88' lang='lat' dir='ltr'><strong>cuius</strong></span> <span class='ocrx_word' id='word_1_116' title='bbox 1231 2518 1592 2600; x_wconf 83' lang='lat' dir='ltr'><strong>providentia</strong></span> <span class='ocrx_word' id='word_1_117' title='bbox 1629 2519 1691 2578; x_wconf 86' lang='lat' dir='ltr'><strong>in</strong></span> <span class='ocrx_word' id='word_1_118' title='bbox 1732 2519 1824 2580; x_wconf 88' lang='lat' dir='ltr'><strong>sui</strong></span> <span class='ocrx_word' id='word_1_119' title='bbox 1864 2517 2241 2597; x_wconf 81' lang='lat' dir='ltr'><strong>dispositione</strong></span> 
     </span>
     <span class='ocr_line' id='line_1_31' title="bbox 874 2617 2122 2697; baseline 0.001 -20"><span class='ocrx_word' id='word_1_120' title='bbox 874 2620 1154 2682; x_wconf 64' lang='lat' dir='ltr'><strong>*Custodi</strong></span> <span class='ocrx_word' id='word_1_121' title='bbox 1193 2637 1308 2680; x_wconf 87' lang='lat' dir='ltr'><strong>nos</strong></span> <span class='ocrx_word' id='word_1_122' title='bbox 1349 2617 1500 2680; x_wconf 91' lang='lat' dir='ltr'><strong>Dne.</strong></span> <span class='ocrx_word' id='word_1_123' title='bbox 1542 2636 1599 2697; x_wconf 90' lang='lat' dir='ltr'><strong>q.</strong></span> <span class='ocrx_word' id='word_1_124' title='bbox 1644 2618 1708 2678; x_wconf 91' lang='lat' dir='ltr'><strong>in</strong></span> <span class='ocrx_word' id='word_1_125' title='bbox 1748 2627 1852 2678; x_wconf 87' lang='lat' dir='ltr'><strong>tuo</strong></span> <span class='ocrx_word' id='word_1_126' title='bbox 1892 2618 2122 2678; x_wconf 86' lang='lat' dir='ltr'><strong>servitio</strong></span> 
     </span>
     <span class='ocr_line' id='line_1_32' title="bbox 913 2715 2195 2798; baseline -0.003 -20"><span class='ocrx_word' id='word_1_127' title='bbox 913 2717 988 2778; x_wconf 95' lang='lat' dir='ltr'><strong>D.</strong></span> <span class='ocrx_word' id='word_1_128' title='bbox 1029 2719 1132 2798; x_wconf 89' lang='lat' dir='ltr'><strong>qui</strong></span> <span class='ocrx_word' id='word_1_129' title='bbox 1169 2717 1444 2796; x_wconf 81' lang='lat' dir='ltr'><strong>legalium</strong></span> <span class='ocrx_word' id='word_1_130' title='bbox 1481 2715 1837 2778; x_wconf 79' lang='lat' dir='ltr'><strong>differentias</strong></span> <span class='ocrx_word' id='word_1_131' title='bbox 1872 2716 2195 2776; x_wconf 84' lang='lat' dir='ltr'><strong>hostiarum</strong></span> 
     </span>
     <span class='ocr_line' id='line_1_33' title="bbox 875 2815 1600 2878; baseline 0.006 -6"><span class='ocrx_word' id='word_1_132' title='bbox 875 2815 1044 2878; x_wconf 68' lang='grc' dir='ltr'><strong><em>ιΝΒ.</em></strong></span> <span class='ocrx_word' id='word_1_133' title='bbox 1084 2816 1170 2878; x_wconf 89' lang='lat' dir='ltr'><strong>Ut</strong></span> <span class='ocrx_word' id='word_1_134' title='bbox 1207 2827 1264 2878; x_wconf 87' lang='lat' dir='ltr'><strong>te</strong></span> <span class='ocrx_word' id='word_1_135' title='bbox 1304 2824 1600 2877; x_wconf 82' lang='lat' dir='ltr'><strong>auctorem</strong></span> 
     </span>
     <span class='ocr_line' id='line_1_34' title="bbox 914 2912 2099 2994; baseline -0.003 -19"><span class='ocrx_word' id='word_1_136' title='bbox 914 2914 1054 2976; x_wconf 85' lang='lat' dir='ltr'><strong>Tua</strong></span> <span class='ocrx_word' id='word_1_137' title='bbox 1091 2933 1204 2976; x_wconf 89' lang='lat' dir='ltr'><strong>nos</strong></span> <span class='ocrx_word' id='word_1_138' title='bbox 1241 2913 1394 2978; x_wconf 89' lang='lat' dir='ltr'><strong>Dne.</strong></span> <span class='ocrx_word' id='word_1_139' title='bbox 1437 2912 1795 2975; x_wconf 84' lang='lat' dir='ltr'><strong>medicinalis</strong></span> <span class='ocrx_word' id='word_1_140' title='bbox 1834 2913 2099 2994; x_wconf 85' lang='lat' dir='ltr'><strong>operatio</strong></span> 
     </span>
    </p>
   </div>
   <div class='ocr_carea' id='block_1_17' title="bbox 878 3075 2240 3667">
    <p class='ocr_par' dir='ltr' id='par_1_22' title="bbox 878 3075 2240 3667">
     <span class='ocr_line' id='line_1_35' title="bbox 1411 3075 2209 3155; baseline 0 -19"><span class='ocrx_word' id='word_1_141' title='bbox 1411 3075 1595 3138; x_wconf 83' lang='lat' dir='ltr'><strong>Hebd.</strong></span> <span class='ocrx_word' id='word_1_142' title='bbox 1622 3097 1676 3138; x_wconf 86' lang='lat' dir='ltr'><em>x</em></span> <span class='ocrx_word' id='word_1_143' title='bbox 1688 3083 1823 3155; x_wconf 79' lang='lat' dir='ltr'><strong>post</strong></span> <span class='ocrx_word' id='word_1_144' title='bbox 1842 3076 2209 3137; x_wconf 77' lang='lat' dir='ltr'><strong>Pentecosten.</strong></span> 
     </span>
     <span class='ocr_line' id='line_1_36' title="bbox 915 3191 2240 3272; baseline -0.002 -18"><span class='ocrx_word' id='word_1_145' title='bbox 915 3192 1152 3272; x_wconf 84' lang='lat' dir='ltr'><strong>Largire</strong></span> <span class='ocrx_word' id='word_1_146' title='bbox 1190 3194 1365 3254; x_wconf 87' lang='lat' dir='ltr'><strong>nobis</strong></span> <span class='ocrx_word' id='word_1_147' title='bbox 1405 3191 1560 3252; x_wconf 88' lang='lat' dir='ltr'><strong>Dne.</strong></span> <span class='ocrx_word' id='word_1_148' title='bbox 1601 3211 1660 3272; x_wconf 92' lang='lat' dir='ltr'><strong>q.</strong></span> <span class='ocrx_word' id='word_1_149' title='bbox 1704 3209 1935 3271; x_wconf 84' lang='lat' dir='ltr'><strong>semper</strong></span> <span class='ocrx_word' id='word_1_150' title='bbox 1976 3191 2240 3270; x_wconf 80' lang='lat' dir='ltr'><strong>spiritum</strong></span> 
     </span>
     <span class='ocr_line' id='line_1_37' title="bbox 915 3290 2009 3372; baseline -0.003 -19"><span class='ocrx_word' id='word_1_151' title='bbox 915 3292 1192 3353; x_wconf 89' lang='lat' dir='ltr'><strong>Concede</strong></span> <span class='ocrx_word' id='word_1_152' title='bbox 1233 3311 1290 3372; x_wconf 91' lang='lat' dir='ltr'><strong>q.</strong></span> <span class='ocrx_word' id='word_1_153' title='bbox 1331 3309 1388 3351; x_wconf 95' lang='lat' dir='ltr'><strong>o.</strong></span> <span class='ocrx_word' id='word_1_154' title='bbox 1429 3290 1505 3351; x_wconf 95' lang='lat' dir='ltr'><strong>D.</strong></span> <span class='ocrx_word' id='word_1_155' title='bbox 1546 3301 1611 3351; x_wconf 86' lang='lat' dir='ltr'><strong>ut</strong></span> <span class='ocrx_word' id='word_1_156' title='bbox 1649 3291 1805 3352; x_wconf 84' lang='lat' dir='ltr'><strong>viam</strong></span> <span class='ocrx_word' id='word_1_157' title='bbox 1846 3301 2009 3351; x_wconf 83' lang='lat' dir='ltr'><strong>tuam</strong></span> 
     </span>
     <span class='ocr_line' id='line_1_38' title="bbox 878 3388 2073 3469; baseline 0.001 -21"><span class='ocrx_word' id='word_1_158' title='bbox 878 3391 1156 3469; x_wconf 70' lang='lat' dir='ltr'><strong>*Suscipe</strong></span> <span class='ocrx_word' id='word_1_159' title='bbox 1197 3408 1442 3452; x_wconf 85' lang='lat' dir='ltr'><strong>munera</strong></span> <span class='ocrx_word' id='word_1_160' title='bbox 1481 3407 1541 3468; x_wconf 91' lang='lat' dir='ltr'><strong>q.</strong></span> <span class='ocrx_word' id='word_1_161' title='bbox 1583 3388 1738 3450; x_wconf 90' lang='lat' dir='ltr'><strong>Dne.</strong></span> <span class='ocrx_word' id='word_1_162' title='bbox 1778 3407 1931 3468; x_wconf 82' lang='lat' dir='ltr'><strong>quae</strong></span> <span class='ocrx_word' id='word_1_163' title='bbox 1970 3389 2073 3449; x_wconf 89' lang='lat' dir='ltr'><strong>tibi</strong></span> 
     </span>
     <span class='ocr_line' id='line_1_39' title="bbox 879 3488 1947 3567; baseline -0.001 -18"><span class='ocrx_word' id='word_1_164' title='bbox 879 3489 1048 3550; x_wconf 63' lang='grc' dir='ltr'><strong><em>ΛΤΒ.</em></strong></span> <span class='ocrx_word' id='word_1_165' title='bbox 1087 3489 1182 3549; x_wconf 93' lang='lat' dir='ltr'><strong>De</strong></span> <span class='ocrx_word' id='word_1_166' title='bbox 1221 3499 1323 3550; x_wconf 80' lang='lat' dir='ltr'><strong>tua</strong></span> <span class='ocrx_word' id='word_1_167' title='bbox 1359 3488 1544 3567; x_wconf 78' lang='lat' dir='ltr'><strong>gratia</strong></span> <span class='ocrx_word' id='word_1_168' title='bbox 1585 3488 1947 3550; x_wconf 87' lang='lat' dir='ltr'><strong>confidentes</strong></span> 
     </span>
     <span class='ocr_line' id='line_1_40' title="bbox 916 3587 1997 3667; baseline -0.004 -17"><span class='ocrx_word' id='word_1_169' title='bbox 916 3587 1005 3650; x_wconf 87' lang='lat' dir='ltr'><strong>Sit</strong></span> <span class='ocrx_word' id='word_1_170' title='bbox 1043 3589 1218 3651; x_wconf 86' lang='lat' dir='ltr'><strong>nobis</strong></span> <span class='ocrx_word' id='word_1_171' title='bbox 1255 3587 1410 3648; x_wconf 89' lang='lat' dir='ltr'><strong>Dne.</strong></span> <span class='ocrx_word' id='word_1_172' title='bbox 1452 3588 1744 3667; x_wconf 83' lang='lat' dir='ltr'><strong>reparatio</strong></span> <span class='ocrx_word' id='word_1_173' title='bbox 1784 3587 1997 3647; x_wconf 86' lang='lat' dir='ltr'><strong>mentis</strong></span> 
     </span>
    </p>
   </div>
   <div class='ocr_carea' id='block_1_18' title="bbox 819 3745 2820 3830">
    <p class='ocr_par' dir='ltr' id='par_1_23' title="bbox 819 3745 2820 3830">
     <span class='ocr_line' id='line_1_41' title="bbox 819 3745 2820 3830; baseline -0.002 -17"><span class='ocrx_word' id='word_1_174' title='bbox 819 3752 935 3814; x_wconf 77' lang='lat' dir='ltr'><strong>viii</strong></span> <span class='ocrx_word' id='word_1_175' title='bbox 952 3749 1097 3814; x_wconf 75' lang='lat' dir='ltr'><strong>Kal.</strong></span> <span class='ocrx_word' id='word_1_176' title='bbox 1123 3751 1282 3830; x_wconf 81' lang='lat' dir='ltr'><strong>Aug.</strong></span> <span class='ocrx_word' id='word_1_177' title='bbox 1310 3750 1460 3813; x_wconf 84' lang='lat' dir='ltr'><strong>Nat.</strong></span> <span class='ocrx_word' id='word_1_178' title='bbox 1491 3748 1558 3811; x_wconf 92' lang='lat' dir='ltr'><strong>S.</strong></span> <span class='ocrx_word' id='word_1_179' title='bbox 1585 3747 1786 3812; x_wconf 79' lang='lat' dir='ltr'><strong>Iacobi</strong></span> <span class='ocrx_word' id='word_1_180' title='bbox 1807 3746 2073 3828; x_wconf 78' lang='lat' dir='ltr'><strong>(apostoli</strong></span> <span class='ocrx_word' id='word_1_181' title='bbox 2092 3745 2191 3827; x_wconf 91' lang='lat' dir='ltr'><strong>R.)</strong></span> <span class='ocrx_word' id='word_1_182' title='bbox 2196 3747 2430 3828; x_wconf 78' lang='lat' dir='ltr'><strong>fratris</strong></span> <span class='ocrx_word' id='word_1_183' title='bbox 2459 3746 2521 3809; x_wconf 90' lang='lat' dir='ltr'><strong>S.</strong></span> <span class='ocrx_word' id='word_1_184' title='bbox 2552 3745 2820 3809; x_wconf 65' lang='lat' dir='ltr'><strong>Ioanmlr.</strong></span> 
     </span>
    </p>
   </div>
   <div class='ocr_carea' id='block_1_19' title="bbox 877 3865 2231 4339">
    <p class='ocr_par' dir='ltr' id='par_1_24' title="bbox 877 3865 2115 4138">
     <span class='ocr_line' id='line_1_42' title="bbox 915 3865 2055 3945; baseline -0.003 -17"><span class='ocrx_word' id='word_1_185' title='bbox 915 3867 1064 3928; x_wconf 89' lang='lat' dir='ltr'><strong>Esto</strong></span> <span class='ocrx_word' id='word_1_186' title='bbox 1102 3865 1255 3927; x_wconf 88' lang='lat' dir='ltr'><strong>Dne.</strong></span> <span class='ocrx_word' id='word_1_187' title='bbox 1294 3865 1450 3945; x_wconf 91' lang='lat' dir='ltr'><strong>plebi</strong></span> <span class='ocrx_word' id='word_1_188' title='bbox 1489 3875 1624 3925; x_wconf 83' lang='lat' dir='ltr'><strong>tuae</strong></span> <span class='ocrx_word' id='word_1_189' title='bbox 1663 3865 2055 3926; x_wconf 85' lang='lat' dir='ltr'><strong>sanctificator</strong></span> 
     </span>
     <span class='ocr_line' id='line_1_43' title="bbox 913 3962 2115 4044; baseline -0.003 -16"><span class='ocrx_word' id='word_1_190' title='bbox 913 3965 1260 4028; x_wconf 85' lang='lat' dir='ltr'><strong>Oblationes</strong></span> <span class='ocrx_word' id='word_1_191' title='bbox 1299 3963 1500 4044; x_wconf 88' lang='lat' dir='ltr'><strong>populi</strong></span> <span class='ocrx_word' id='word_1_192' title='bbox 1539 3965 1625 4024; x_wconf 85' lang='lat' dir='ltr'><strong>tui</strong></span> <span class='ocrx_word' id='word_1_193' title='bbox 1665 3962 1817 4024; x_wconf 91' lang='lat' dir='ltr'><strong>Dne.</strong></span> <span class='ocrx_word' id='word_1_194' title='bbox 1858 3983 1919 4042; x_wconf 95' lang='lat' dir='ltr'><strong>q.</strong></span> <span class='ocrx_word' id='word_1_195' title='bbox 1960 3965 2115 4024; x_wconf 86' lang='lat' dir='ltr'><strong>beati</strong></span> 
     </span>
     <span class='ocr_line' id='line_1_44' title="bbox 877 4062 1928 4138; baseline 0 -16"><span class='ocrx_word' id='word_1_196' title='bbox 877 4063 1047 4125; x_wconf 60' lang='grc' dir='ltr'><strong>ΛΤΒ.</strong></span> <span class='ocrx_word' id='word_1_197' title='bbox 1089 4063 1250 4138; x_wconf 87' lang='lat' dir='ltr'><strong>Quia</strong></span> <span class='ocrx_word' id='word_1_198' title='bbox 1291 4063 1427 4124; x_wconf 87' lang='lat' dir='ltr'><strong>licet</strong></span> <span class='ocrx_word' id='word_1_199' title='bbox 1467 4063 1639 4123; x_wconf 87' lang='lat' dir='ltr'><strong>nobis</strong></span> <span class='ocrx_word' id='word_1_200' title='bbox 1682 4062 1928 4123; x_wconf 88' lang='lat' dir='ltr'><strong>salutem</strong></span> 
     </span>
    </p>

    <p class='ocr_par' dir='ltr' id='par_1_25' title="bbox 917 4160 1739 4240">
     <span class='ocr_line' id='line_1_45' title="bbox 917 4160 1739 4240; baseline -0.004 -16"><span class='ocrx_word' id='word_1_201' title='bbox 917 4162 1082 4224; x_wconf 87' lang='lat' dir='ltr'><strong>Beati</strong></span> <span class='ocrx_word' id='word_1_202' title='bbox 1124 4161 1392 4240; x_wconf 85' lang='lat' dir='ltr'><strong>apostoli·</strong></span> <span class='ocrx_word' id='word_1_203' title='bbox 1413 4160 1496 4221; x_wconf 87' lang='lat' dir='ltr'><strong>tui</strong></span> <span class='ocrx_word' id='word_1_204' title='bbox 1538 4161 1739 4223; x_wconf 86' lang='lat' dir='ltr'><strong>Iacobi</strong></span> 
     </span>
    </p>

    <p class='ocr_par' dir='ltr' id='par_1_26' title="bbox 917 4259 2231 4339">
     <span class='ocr_line' id='line_1_46' title="bbox 917 4259 2231 4339; baseline -0.005 -15"><span class='ocrx_word' id='word_1_205' title='bbox 917 4261 1315 4324; x_wconf 86' lang='lat' dir='ltr'><strong>Solemnitatis</strong></span> <span class='ocrx_word' id='word_1_206' title='bbox 1355 4259 1713 4339; x_wconf 84' lang='lat' dir='ltr'><strong>apostolicae</strong></span> <span class='ocrx_word' id='word_1_207' title='bbox 1754 4259 2231 4338; x_wconf 84' lang='lat' dir='ltr'><strong>multiplicatione</strong></span> 
     </span>
    </p>
   </div>
   <div class='ocr_carea' id='block_1_20' title="bbox 917 4419 2699 4506">
    <p class='ocr_par' dir='ltr' id='par_1_27' title="bbox 917 4419 2699 4506">
     <span class='ocr_line' id='line_1_47' title="bbox 917 4419 2699 4506; baseline -0.002 -22"><span class='ocrx_word' id='word_1_208' title='bbox 917 4421 984 4506; x_wconf 82' lang='lat' dir='ltr'><strong>[v</strong></span> <span class='ocrx_word' id='word_1_209' title='bbox 1011 4421 1156 4484; x_wconf 84' lang='lat' dir='ltr'><strong>Kal.</strong></span> <span class='ocrx_word' id='word_1_210' title='bbox 1185 4422 1343 4500; x_wconf 84' lang='lat' dir='ltr'><strong>Aug.</strong></span> <span class='ocrx_word' id='word_1_211' title='bbox 1370 4421 1515 4484; x_wconf 87' lang='lat' dir='ltr'><strong>Nat.</strong></span> <span class='ocrx_word' id='word_1_212' title='bbox 1543 4421 1658 4482; x_wconf 90' lang='lat' dir='ltr'><strong>SS.</strong></span> <span class='ocrx_word' id='word_1_213' title='bbox 1686 4421 1983 4499; x_wconf 77' lang='lat' dir='ltr'><strong>Simplicii,</strong></span> <span class='ocrx_word' id='word_1_214' title='bbox 2012 4420 2297 4495; x_wconf 79' lang='lat' dir='ltr'><strong>Faustini,</strong></span> <span class='ocrx_word' id='word_1_215' title='bbox 2326 4427 2379 4480; x_wconf 90' lang='lat' dir='ltr'><strong>et</strong></span> <span class='ocrx_word' id='word_1_216' title='bbox 2400 4419 2699 4480; x_wconf 68' lang='lat' dir='ltr'><strong>Beatrz‘crlr.</strong></span> 
     </span>
    </p>
   </div>
   <div class='ocr_carea' id='block_1_21' title="bbox 917 4537 2437 4816">
    <p class='ocr_par' dir='ltr' id='par_1_28' title="bbox 917 4537 2437 4816">
     <span class='ocr_line' id='line_1_48' title="bbox 919 4537 2437 4618; baseline -0.002 -17"><span class='ocrx_word' id='word_1_217' title='bbox 919 4541 1158 4601; x_wconf 86' lang='lat' dir='ltr'><strong>Praesta</strong></span> <span class='ocrx_word' id='word_1_218' title='bbox 1197 4557 1255 4618; x_wconf 92' lang='lat' dir='ltr'><strong>q.</strong></span> <span class='ocrx_word' id='word_1_219' title='bbox 1296 4538 1450 4598; x_wconf 88' lang='lat' dir='ltr'><strong>Dne.</strong></span> <span class='ocrx_word' id='word_1_220' title='bbox 1491 4549 1555 4598; x_wconf 91' lang='lat' dir='ltr'><strong>ut</strong></span> <span class='ocrx_word' id='word_1_221' title='bbox 1595 4539 1745 4599; x_wconf 90' lang='lat' dir='ltr'><strong>sicut</strong></span> <span class='ocrx_word' id='word_1_222' title='bbox 1782 4537 2037 4616; x_wconf 87' lang='lat' dir='ltr'><strong>populus</strong></span> <span class='ocrx_word' id='word_1_223' title='bbox 2078 4537 2437 4598; x_wconf 85' lang='lat' dir='ltr'><strong>Christianus</strong></span> 
     </span>
     <span class='ocr_line' id='line_1_49' title="bbox 917 4637 2025 4716; baseline -0.001 -19"><span class='ocrx_word' id='word_1_224' title='bbox 917 4638 1161 4699; x_wconf 87' lang='lat' dir='ltr'><strong>Hostias</strong></span> <span class='ocrx_word' id='word_1_225' title='bbox 1199 4638 1306 4698; x_wconf 87' lang='lat' dir='ltr'><strong>tibi</strong></span> <span class='ocrx_word' id='word_1_226' title='bbox 1345 4637 1496 4696; x_wconf 90' lang='lat' dir='ltr'><strong>Dne.</strong></span> <span class='ocrx_word' id='word_1_227' title='bbox 1537 4655 1647 4716; x_wconf 90' lang='lat' dir='ltr'><strong>pro</strong></span> <span class='ocrx_word' id='word_1_228' title='bbox 1687 4647 2025 4697; x_wconf 87' lang='lat' dir='ltr'><strong>sanctorum</strong></span> 
     </span>
     <span class='ocr_line' id='line_1_50' title="bbox 920 4729 2250 4816; baseline -0.002 -21"><span class='ocrx_word' id='word_1_229' title='bbox 920 4736 1156 4798; x_wconf 86' lang='lat' dir='ltr'><strong>Praesta</strong></span> <span class='ocrx_word' id='word_1_230' title='bbox 1197 4756 1253 4816; x_wconf 93' lang='lat' dir='ltr'><strong>q.</strong></span> <span class='ocrx_word' id='word_1_231' title='bbox 1295 4754 1352 4796; x_wconf 93' lang='lat' dir='ltr'><strong>o.</strong></span> <span class='ocrx_word' id='word_1_232' title='bbox 1395 4734 1468 4795; x_wconf 95' lang='lat' dir='ltr'><strong>D.</strong></span> <span class='ocrx_word' id='word_1_233' title='bbox 1509 4746 1574 4796; x_wconf 89' lang='lat' dir='ltr'><strong>ut</strong></span> <span class='ocrx_word' id='word_1_234' title='bbox 1617 4745 1951 4796; x_wconf 88' lang='lat' dir='ltr'><strong>sanctorum</strong></span> <span class='ocrx_word' id='word_1_235' title='bbox 1990 4729 2250 4812; x_wconf 88' lang='lat' dir='ltr'><strong>tuorum]</strong></span> 
     </span>
    </p>
   </div>
  </div>
 </body>
</html>
