3342 5392
461 426 502 476 1.
525 423 687 488 xcix]
1083 422 1510 477 ROMANAE
1551 421 2035 478 ECCLESJAE.
2526 427 2643 496 151

1426 627 1668 684 XCIX.

760 759 1203 826 ORATIONES
1247 773 1346 822 DE
1393 759 1773 824 Emscoms
1819 751 2357 826 ORD1N'AND1s1.

543 893 845 974 oremus,
903 895 1312 963 dilectissimi
1373 895 1582 973 nobis,
1641 905 1717 960 ut
1776 896 1877 961 his
1934 897 2090 961 viris
2146 897 2231 960 ad
2293 897 2644 962 utilitatem
2698 915 2841 966 Miss.

454 1001 768 1068 ecclesiae
797 1000 1234 1085 provehendis
1257 997 1282 1036 ²
1323 999 1695 1084 benignitas
1729 1001 2207 1083 omnipotentis
2240 1001 2365 1064 Dei
2395 1003 2649 1084 gratiae
2698 981 2875 1110 {Jgffm

453 1125 611 1170 suae
639 1106 889 1169 tribuat
921 1104 1311 1188 largitatem.
1400 1105 1536 1169 Per.
1567 1131 1610 1186 γ

545 1225 832 1304 Exaudi,
892 1226 1200 1303 Domine,
1257 1224 1629 1309 supplicum
1705 1245 1949 1309 preceS,
2017 1235 2090 1290 ut
2164 1226 2343 1309 quod
2418 1237 2647 1291 nostro
2698 1235 2853 1312 Leon.
2874 1247 2991 1298 421.

457 1333 822 1414 gerendum
855 1338 955 1395 est
986 1329 1345 1394 ministerio
1375 1338 1493 1393 tua
1522 1330 1745 1411 potius
1769 1327 1795 1368 ³
1824 1329 2067 1395 virtute
2097 1329 2407 1395 firmetur.
2498 1329 2641 1394 Per.
2698 1301 2876 1416 2422}-

544 1452 926 1534 Propitiare,
959 1451 1271 1529 Domine,
1307 1450 1902 1533 supplicationibus
1945 1451 2202 1530 nostris,
2234 1461 2302 1516 et
2337 1451 2648 1516 inclinato
2698 1431 2813 1495 ⁶⁷⁰·

456 1575 654 1640 super
704 1555 827 1618 hos
879 1553 1164 1619 famulos
1212 1564 1363 1619 tuos
1410 1574 1615 1618 cornu
1665 1555 1920 1639 gratiae
1970 1555 2393 1620 sacerdotalis
2454 1557 2648 1620 bene-
2698 1521 2853 1636 {fg}
2876 1534 2991 1584 ⁴²²·

456 1660 766 1726 dictionis
796 1668 951 1723 tuae
985 1659 1051 1721 in
1082 1677 1196 1723 eos
1227 1658 1492 1723 effunde
1519 1660 1849 1723 virtutem.
1944 1661 2068 1724 Per
2098 1661 2484 1725 Dominum.
2512 1686 2555 1741 γ
2698 1652 2876 1782 {⁷12¹ss

311 1835 430 1891 625
1323 1821 1773 1878 consecratio.

545 1935 730 2000 Deus
763 1935 1092 1999 honorum
1132 1935 1446 2010 omnium,
1477 1934 1664 1998 Deus
1698 1934 1997 2000 omnium
2040 1935 2439 2017 dignitatum
2478 1956 2649 2020 quae
2698 1950 2856 2000 Leon.
2879 1962 2994 2011 422.

457 2040 705 2124 gloriae
733 2049 892 2103 tuae
922 2039 1122 2102 sacris
1150 2037 1550 2102 famulantur
1577 2038 1915 2103 ordinibus
1943 2062 1959 2115 ;
2007 2038 2192 2103 Deus
2220 2040 2332 2122 qui
2365 2039 2648 2123 Moysen
2700 2015 2877 2132 ξξῗζα

455 2143 775 2208 famulum
809 2151 1000 2206 tuum
1039 2141 1270 2207 secreti
1311 2140 1648 2206 familiaris
1682 2141 1889 2206 affatu
1914 2139 1942 2178 4
1988 2142 2160 2206 inter
2202 2152 2459 2208 caetera
2502 2163 2647 2208 cae-
2698 2146 2812 2211 671·

457 2246 636 2311 lestis
691 2248 1092 2312 documenta
1150 2244 1442 2311 culturae
1465 2246 1492 2285 ⁶
1542 2247 1628 2310 de
1687 2245 1916 2310 habitu
1970 2266 2235 2330 quoque
2282 2247 2648 2312 indumenti
2696 2209 2989 2340 ἧῗῗῗᾞῗρ,

455 2350 880 2417 sacerdotalis
952 2349 1320 2428 instituenS,
1380 2350 1662 2415 electum
1736 2350 1969 2414 Aaron
2047 2351 2331 2433 mystico
2405 2351 2649 2416 amictu
2699 2343 2803 2393 viii.

385 2465 390 2470 ’
455 2454 680 2520 vestiri
703 2454 728 2492 ⁶
790 2455 958 2518 inter
1014 2474 1199 2518 sacra
1257 2453 1521 2533 iussisti,
1577 2463 1652 2518 ut
1713 2453 2184 2537 intelligentiae
2236 2475 2501 2520 sensum
2564 2456 2650 2519 de

457 2557 785 2643 exemplis
829 2557 1121 2640 priorum
1144 2555 1168 2594 ⁷
1200 2568 1465 2641 caperet
1503 2566 1809 2623 secutura
1838 2559 2209 2642 posteritas,
2241 2579 2325 2623 ne
2370 2559 2651 2624 eruditio

456 2663 794 2728 doctrinae
838 2671 993 2726 tuae
1050 2659 1166 2725 ulli
1212 2662 1470 2726 deesset
1513 2663 1737 2739 aetati,
1775 2683 1983 2746 quum
2044 2673 2113 2728 et
2172 2664 2351 2747 apud
2397 2674 2651 2729 veteres

457 2765 892 2830 reverentiam
923 2765 1067 2848 ipsa
1087 2762 1114 2802 ⁸
1143 2764 1699 2848 significationum
1730 2767 1979 2849 species
2011 2767 2351 2844 obtineret,
2374 2777 2443 2831 et
2472 2769 2650 2851 apud

457 2889 580 2934 nos
638 2870 916 2935 certiora
972 2878 1188 2934 essent
1248 2871 1706 2952 experimenta
1756 2891 1971 2935 rerum
2016 2891 2219 2954 quam
2272 2871 2651 2956 aenigmata

457 2972 829 3058 figurarum.
953 2972 1138 3037 Illius
1197 2993 1484 3056 namque
1544 2975 1897 3038 sacerdotii
1972 2975 2311 3040 anterioris
2385 2975 2653 3039 habitus

457 3086 723 3142 nostrae
774 3077 1012 3142 mentis
1053 3086 1326 3143 ornatus
1366 3087 1485 3155 est,
1529 3088 1597 3142 et
1642 3077 2088 3160 pontificalem
2141 3079 2420 3161 gloriam
2442 3078 2467 3116 ⁹
2515 3098 2653 3143 non

457 3183 592 3247 iam
653 3181 847 3246 nobis
905 3181 1119 3246 honor
1135 3180 1188 3220 ¹⁰
1246 3182 1668 3246 commendat
1726 3180 2009 3246 vestium
2078 3183 2194 3246 sed
2270 3182 2583 3266 splendor
2600 3179 2651 3220 ¹¹

458 3286 848 3365 animarum,
878 3285 1036 3369 quia
1073 3295 1141 3349 et
1181 3284 1294 3348 illa
1333 3305 1504 3368 quae
1543 3295 1699 3350 tunc
1736 3285 2106 3350 carnalibus
2145 3283 2655 3351 blandiebantur

459 3389 820 3464 obtutibus,
852 3409 932 3452 ea
962 3389 1182 3472 potius
1218 3408 1389 3472 quae
1435 3391 1500 3453 in
1541 3389 1700 3472 ipsis
1740 3399 1927 3454 erant
1968 3389 2393 3473 intelligenda
2423 3409 2651 3472 posce-

456 3493 634 3559 bant.
757 3493 850 3557 Et
907 3493 1147 3558 idcirco
1210 3488 1337 3580 [his
1361 3487 1442 3580 ¹²]
1495 3492 1758 3557 famulis
1824 3495 1974 3568 tuis,
2038 3514 2205 3576 quos
2263 3495 2351 3559 ad
2410 3495 2652 3557 summi

457 3596 807 3663 sacerdotii
839 3597 1270 3662 ministerium
1296 3597 1552 3681 elegisti
1573 3595 1645 3673 ¹³,
1677 3597 1866 3675 hanc,
1888 3617 2307 3680 quaesumuS,
2341 3598 2651 3676 Domine,

456 3703 740 3784 gratiam
772 3701 1087 3784 largiaris,
1125 3710 1199 3764 ut
1238 3700 1558 3784 quidquid
1601 3701 1715 3765 illa
1744 3701 2075 3766 velamina
2105 3703 2171 3766 in
2199 3700 2454 3786 fulgore
2491 3701 2652 3780 auri,

457 3805 522 3867 in
552 3805 761 3870 nitore
791 3824 1229 3888 gemmarum,
1260 3806 1326 3868 in
1341 3803 1396 3842 ¹⁴
1432 3805 1808 3870 multimodi
1840 3806 2055 3890 operis
2082 3805 2403 3870 varietate
2433 3804 2653 3888 signa-

458 3907 638 3984 bant,
670 3907 797 3973 hoc
831 3909 895 3972 in
925 3908 1162 3972 horum
1193 3908 1486 3973 moribus
1509 3909 1901 3992 actibusque
1922 3909 2256 3976 clarescat.
2296 3891 2301 3898 ¹
2349 3906 2649 3991 Comple,
2706 3903 2733 3945 Γ

460 4012 750 4076 Domine
772 4009 844 4089 ¹⁶,
875 4013 942 4075 in
988 4013 1437 4077 sacerdotibus
1477 4012 1608 4077 tuis
1651 4013 1947 4095 mysterii
1972 4013 2024 4051 ¹⁶
2064 4015 2161 4078 tui
2203 4034 2554 4092 summam,
2583 4021 2653 4076 et

455 4117 864 4182 ornamentis
893 4117 1098 4180 totius
1119 4115 1610 4201 glorificationis
1633 4117 1987 4182 instructos
2006 4118 2303 4182 caelestis
2334 4117 2651 4202 unguenti

457 4219 662 4285 fluore
682 4218 734 4258 ¹⁷
777 4219 1132 4285 sanctifica.
1223 4220 1392 4300 Hoc,
1424 4220 1729 4296 Domine,
1760 4222 2027 4305 copiose
2063 4223 2130 4285 in
2178 4243 2404 4286 eorum
2450 4230 2653 4304 caput

459 4323 710 4400 influat,
746 4324 875 4388 hoc
906 4325 972 4388 in
1004 4325 1136 4388 oris
1181 4325 1478 4390 subiecta
1517 4326 1843 4402 decurrat,
1870 4325 1999 4392 hoc
2032 4326 2097 4389 in
2124 4326 2331 4390 totius
2360 4325 2651 4409 corporis

458 4439 760 4493 extrema
833 4428 1210 4502 descendat,
1271 4436 1345 4491 ut
1417 4428 1517 4491 tui
1584 4428 1869 4510 Spiritus
1940 4430 2149 4494 virtus
2213 4438 2281 4493 et
2348 4429 2655 4494 interiora

457 4531 693 4596 horum
720 4530 772 4569 ¹⁸
804 4531 1056 4613 repleat
1091 4543 1161 4596 et
1205 4533 1537 4596 exteriora
1574 4533 2028 4618 circumtegat.
2095 4532 2418 4597 Abundet
2453 4533 2519 4596 in
2550 4533 2654 4596 his

457 4635 832 4702 constantia
879 4634 1051 4715 fidei,
1097 4635 1346 4719 puritas
1390 4635 1781 4714 dilectionis,
1825 4638 2163 4702 sinceritas
2211 4637 2409 4720 paciS.
2502 4635 2654 4702 Sint

455 4740 738 4824 speciosi
758 4738 810 4778 ¹⁹
872 4759 1140 4804 munere
1199 4747 1316 4803 tuo
1376 4741 1578 4822 pedes
1628 4741 1866 4805 horum
1922 4741 2008 4806 ad
2062 4739 2651 4824 evangelizandum
