3342 5392
433 429 529 482 111.
553 428 740 494 ma]
1062 424 1486 482 ROMANAE
1527 424 2014 482 ECCLESJAE.
2507 414 2631 497 287

517 589 774 672 Deinde
831 589 1044 655 mittis
1101 589 1314 672 tpsum
1363 589 1474 654 sal
1515 589 1588 654 in
1639 609 1829 672 aqua,
1864 598 1932 653 et
1970 584 2275 672 exsufflas
2316 587 2390 652 in
2434 606 2530 663 ea,
2572 595 2641 650 et
2718 633 2729 642 .

432 693 601 762 dicis

521 800 709 864 Deus
751 797 864 882 qui
908 800 996 864 ad
1039 796 1326 862 salutem
1369 797 1644 862 humani
1690 797 1947 880 generis
1993 795 2293 862 maxima
2330 814 2635 877 quaeque

433 913 850 968 sacramenta
905 903 972 966 in
1031 921 1353 984 aquarum
1413 901 1785 967 substantia
1843 900 2216 979 condidisti,
2262 909 2332 964 et
2382 908 2636 964 caetera

431 1008 600 1072 sicut
623 1005 917 1089 superius
948 1007 1260 1088 scriptum
1286 1015 1400 1070 est.

519 1110 657 1174 Hic
683 1110 900 1174 mittis
931 1110 1162 1175 vinum
1190 1111 1260 1174 in
1293 1110 1433 1192 zpsa
1461 1129 1654 1191 aqua,
1683 1119 1749 1173 et
1775 1108 2029 1174 benedic
2056 1129 2201 1172 eam
2221 1132 2247 1172 .·
2288 1107 2394 1172 dic
2412 1128 2439 1171 .·

521 1210 814 1274 Domine
855 1219 1101 1285 sancte,
1138 1208 1335 1273 Pater
1380 1210 1825 1293 omnipotens,
1854 1218 2118 1274 aeterne
2150 1209 2355 1284 Deus,
2388 1207 2634 1271 exaudi

432 1331 696 1396 precem
749 1333 988 1391 meam,
1033 1312 1203 1377 sicut
1246 1314 1567 1378 exaudire
1608 1314 1921 1398 dignatus
1966 1334 2037 1378 es
2080 1313 2403 1378 famulum
2442 1320 2634 1375 tuum

433 1417 718 1498 Moysen
758 1416 824 1480 in
872 1418 1036 1480 mari
1056 1413 1109 1454 ¹⁷
1139 1417 1341 1480 rubro
1385 1416 1514 1482 hoc
1559 1418 1741 1500 quod
1791 1417 2050 1482 Pharao
2094 1417 2162 1481 in
2212 1413 2464 1500 populo
2515 1425 2635 1480 tuo

431 1521 802 1598 exercebat,
834 1520 977 1604 ipse
1008 1521 1299 1584 marinus
1343 1522 1679 1586 exercitus
1719 1530 2082 1605 negaretur.
2174 1520 2287 1586 Sic
2330 1529 2397 1586 et
2446 1518 2635 1584 Heli-

431 1645 582 1690 seus
643 1625 971 1702 sacerdos,
1030 1645 1237 1707 quum
1303 1623 1588 1709 populus
1655 1636 1811 1690 tuus
1868 1644 2115 1707 aquam
2174 1635 2441 1707 gustare
2500 1643 2635 1688 non

428 1739 675 1812 posset,
707 1748 788 1792 eo
818 1729 1000 1810 quod
1047 1737 1220 1793 esset
1264 1749 1510 1804 amara,
1543 1728 1755 1794 salem
1802 1729 2077 1812 accepit,
2114 1736 2180 1791 et
2226 1727 2501 1810 proiecit
2545 1727 2631 1791 ad

433 1833 655 1897 exitus
683 1851 1005 1914 aquarum
1032 1840 1100 1896 et
1117 1832 1462 1897 benedixit
1484 1852 1648 1910 eam,
1669 1843 1738 1896 et
1770 1831 1965 1906 dixit,
1998 1830 2272 1897 Sanavit
2305 1831 2633 1895 Dominus

431 1956 638 2020 aquas
684 1937 884 2013 istas3
931 1954 1063 1999 non
1108 1936 1233 1999 erit
1277 1956 1367 2000 ex
1412 1937 1506 2001 eis
1555 1936 1861 2010 moriens,
1894 1955 2106 2019 neque
2142 1933 2518 2010 infirmans;
2565 1942 2634 1997 et

429 2048 702 2104 sanatae
746 2047 900 2102 sunt
947 2059 1158 2122 aquae
1204 2039 1375 2103 illae.
1467 2041 1574 2105 Ita
1618 2050 1714 2117 tu,
1744 2040 2057 2116 Domine,
2089 2040 2361 2122 dignare
2404 2057 2635 2102 sanare

429 2161 642 2225 aquas
699 2142 878 2220 istas,
940 2153 1013 2208 ut
1073 2141 1474 2226 ubicumque
1533 2163 1843 2228 aspersae
1896 2143 2135 2209 fuerint
2186 2163 2303 2225 per
2353 2141 2631 2224 angulos

432 2253 694 2328 domus,
713 2251 826 2317 ubi
849 2252 1154 2317 inimicus
1176 2252 1426 2318 celatus
1448 2252 1662 2333 suerit,
1681 2253 1908 2318 statim
1927 2263 2229 2336 arreptus
2243 2250 2296 2292 ¹⁸
2317 2251 2592 2336 effugiat
2612 2277 2631 2331 3

432 2367 502 2421 et
541 2357 630 2422 sit
674 2355 790 2432 illi,
825 2356 1134 2436 Domine,
1178 2357 1348 2422 hanc
1392 2377 1635 2440 aquam
1673 2357 2068 2440 aspersionis
2111 2356 2292 2421 velut
2334 2356 2634 2422 clibanus

431 2460 670 2524 ardens
701 2459 873 2543 ignis
910 2459 1453 2544 inextinguibilis
1545 2460 1649 2526 Sit
1681 2461 1889 2538 nobiS,
1926 2460 2235 2535 Domine,
2266 2460 2429 2528 haec
2457 2480 2632 2544 aqua

430 2565 826 2646 aspersionis
877 2585 1052 2648 aqua
1098 2565 1376 2642 virtutis,
1427 2585 1602 2647 aqua
1659 2563 2064 2649 refrigerans
2118 2563 2368 2629 diaboli
2429 2565 2558 2628 ritu
2578 2563 2631 2600 ¹⁹

430 2677 508 2732 ut
551 2665 810 2734 liberati
864 2669 1227 2753 hospitales
1292 2689 1569 2753 agamus
1615 2668 1759 2745 tibi,
1810 2667 2119 2746 Domine,
2181 2668 2377 2732 Pater
2422 2668 2631 2732 omni-

429 2780 688 2856 potens,
721 2772 948 2838 laudes
978 2783 1049 2838 et
1077 2775 1343 2857 gratias.
1436 2773 1560 2836 Per
1591 2772 1957 2838 Dominum
1988 2781 2311 2836 nostrum.

515 2875 687 2940 Post
721 2875 876 2941 haec
917 2879 1130 2942 mittis
1169 2877 1301 2942 oleo
1340 2875 1741 2959 sanctificato
1783 2877 1855 2940 in
1899 2895 2089 2958 aqua,
2120 2885 2185 2939 et
2221 2876 2315 2940 sic
2343 2877 2635 2959 aspergis

428 2999 504 3043 ea
531 3000 679 3043 cum
706 2979 965 3063 hyssopo
979 2991 1108 3062 per
1129 2980 1372 3045 domus.

804 3167 1252 3233 ORATIONES
1297 3180 1438 3233 PRO
1482 3181 1941 3234 ASPERSIONE
1985 3182 2261 3246 AQUAE.

523 3287 746 3352 Deum
791 3290 1338 3374 omnipotentem,
1370 3289 1603 3356 fratres
1646 3289 1983 3366 carissimi,
2014 3290 2079 3353 in
2124 3290 2308 3354 cuius
2352 3291 2629 3370 domum

433 3392 806 3457 mansiones
829 3392 1078 3458 multae
1096 3402 1268 3468 sunt,
1285 3393 1615 3477 supplices
1637 3395 2067 3476 deprecemur
2088 3403 2163 3458 ut
2183 3393 2633 3458 habitaculum

434 3493 635 3559 istum
673 3517 807 3560 una
849 3517 1000 3560 cum
1045 3497 1533 3563 habitatoribus
1579 3497 1966 3562 benedicere
1997 3528 2021 3554 ο
2053 3507 2257 3580 atque
2300 3499 2633 3564 custodire
2688 3513 2800 3568 741

432 3598 756 3681 dignetur,
801 3602 1109 3668 tenebras
1153 3603 1240 3666 ab
1287 3623 1364 3666 ea
1409 3601 1705 3685 repellat,
1750 3601 1973 3666 lumen
2016 3599 2339 3678 infundat,
2382 3600 2632 3667 nullam

433 3704 750 3769 saevienti
795 3705 1172 3770 adversario
1223 3706 1471 3771 tribuat
1515 3715 1958 3788 potestatem3
2004 3707 2123 3770 sed
2174 3707 2443 3789 propria
2485 3707 2635 3772 Deo

433 3807 654 3873 dicata
683 3808 768 3874 sit
797 3809 1058 3886 domuS,
1092 3818 1166 3874 ut
1195 3809 1448 3875 nullam
1483 3812 1551 3874 in
1580 3831 1660 3875 ea
1692 3809 1992 3875 inimicus
2022 3809 2358 3874 licentiam
2390 3810 2635 3876 habeat

433 3913 731 3989 nocendi,
762 3932 882 3997 per
910 3913 1218 3978 virtutem
1249 3924 1318 3979 et
1349 3934 1592 3980 nomen
1638 3914 1913 3978 Domini
1944 3913 2153 3978 nostri
2188 3913 2337 3978 Iesu
2369 3913 2636 3989 Christi,

433 4015 549 4098 qui
594 4026 908 4081 venturus
951 4026 1053 4081 est
1105 4016 1397 4083 iudicare
1440 4018 1778 4082 saeculum
1830 4037 1949 4100 per
1992 4017 2234 4100 ignem.
2326 4017 2451 4082 Per
2496 4018 2637 4083 Do-

435 4119 684 4185 minum
705 4119 777 4186 ¹⁰.

524 4223 816 4289 Benedic
867 4223 1019 4288 huic
1074 4225 1325 4303 domui,
1370 4224 1681 4301 Domine,
1735 4225 2015 4291 benedic
2066 4226 2353 4290 dominis
2400 4226 2641 4291 domus

435 4327 671 4404 huius3
716 4329 966 4410 respice
1005 4329 1090 4393 de
1127 4327 1330 4406 caelo,
1366 4340 1434 4394 et
1462 4330 1613 4394 vide
1653 4329 1884 4394 oculos
1926 4330 2408 4396 misericordiae
2442 4339 2643 4404 tuae;

437 4433 618 4515 aperi
661 4451 851 4496 aures
894 4432 1165 4515 pietatis
1206 4443 1382 4510 tuae,
1428 4443 1496 4498 et
1540 4432 1784 4498 inclina
1834 4453 2034 4516 super
2085 4433 2464 4499 habitaculo
2510 4435 2640 4500 isto

437 4545 640 4619 atque
687 4535 1172 4602 habitatoribus
1233 4538 1390 4615 suiS,
1443 4548 1511 4604 et
1564 4539 1757 4603 mitte
1802 4539 2151 4604 custodem
2206 4537 2511 4622 angelum
2572 4538 2640 4603 in

437 4639 713 4706 circuitu
743 4639 1276 4725 supplicantium,
1307 4643 1424 4724 qui
1466 4643 1532 4706 in
1563 4641 1883 4708 lateribus
1914 4642 2155 4707 domus
2187 4642 2371 4708 istius
2404 4643 2643 4726 iugiter

443 4744 747 4821 excubet,
779 4755 847 4810 et
891 4746 977 4809 ad
1025 4746 1399 4812 custodiam
1445 4745 1620 4811 illius
1663 4757 1990 4830 perpetuo
2034 4755 2427 4829 perseveret,
2458 4748 2641 4811 cuius
