3342 5392
451 454 491 505 1.
516 451 698 520 mv]
1082 450 1499 509 ROMANAE
1540 449 2028 511 ECCLESJAE.
2561 456 2649 526 55

535 617 686 683 Filii
737 616 1078 695 carissimi,
1125 614 1404 683 audistis
1459 616 1861 701 Symbolum
1923 615 2195 695 Graece,
2240 612 2535 681 audite*
2579 625 2651 681 et

449 723 710 788 Latine.
783 723 892 786 Et
910 722 1080 788 dicis
1107 722 1260 806 Qua
1285 720 1512 805 lingua
1534 719 1931 787 confitentur
1950 722 2316 785 Dominum
2348 728 2647 784 nostrum

448 827 672 892 Iesum
705 825 1040 891 Christum
1060 832 1088 890 ?
1177 826 1369 909 Resp.
1401 825 1663 890 Latine.
1754 826 2107 890 Annuntia
2128 824 2333 890 fidem
2354 823 2647 908 ipsorum

445 930 734 1014 qualiter
758 931 1057 995 credunt.

530 1035 791 1099 Ponens
847 1054 1117 1099 manum
1173 1034 1458 1117 acoh‘tus
1517 1042 1711 1115 super
1755 1041 1951 1115 caput
1994 1031 2306 1115 infantis,
2366 1041 2435 1097 et
2486 1030 2655 1097 dicit

451 1136 827 1219 Symbolum
853 1136 1270 1215 decantando,
1297 1136 1408 1203 his
1433 1136 1647 1202 verbis
1663 1132 1718 1175 ²³
1741 1162 1763 1200 .-

539 1241 757 1307 Credo
795 1242 864 1304 in
910 1260 1116 1306 unum
1163 1242 1406 1319 Deum,
1437 1240 1705 1305 Patrem
1748 1240 2289 1323 omnipotentem,
2328 1239 2646 1305 factorem
2699 1250 2755 1289 A·

450 1344 614 1409 caeli
665 1355 734 1411 et
769 1356 997 1423 terrae,
1046 1346 1402 1409 visibilium
1447 1344 1745 1409 omnium
1790 1353 1857 1409 et
1909 1342 2352 1408 invisibilium.
2444 1343 2536 1408 Et
2582 1342 2648 1407 in

450 1468 655 1513 unum
687 1449 1053 1513 Dominum
1089 1448 1312 1513 Iesum
1345 1447 1705 1525 Christum,
1744 1448 1987 1511 Filium
2021 1446 2152 1510 Dei
2192 1446 2603 1530 unigenitum
2631 1466 2650 1524 3

449 1554 535 1617 de
567 1553 760 1617 Patre
781 1549 836 1590 ²⁴
867 1562 1100 1617 natum
1130 1562 1286 1618 ante
1315 1550 1540 1617 omnia
1567 1548 1940 1629 saecula²⁶3
1986 1550 2209 1615 lumen
2239 1550 2327 1614 de
2356 1548 2607 1613 lumine
2632 1572 2649 1628 3

451 1655 676 1720 Deum
724 1676 955 1720 verum
1007 1657 1095 1721 de
1147 1657 1298 1720 Deo
1349 1676 1550 1736 vero;
1596 1664 1827 1721 natum
1850 1652 1921 1735 ²⁶,
1974 1674 2107 1718 non
2161 1652 2451 1733 factum;
2494 1654 2653 1719 cond

449 1759 953 1825 substantialem
1003 1756 1332 1839 Patris2⁷3
1379 1778 1500 1844 per
1543 1778 1746 1843 quem
1794 1758 2024 1824 omnia
2067 1757 2245 1822 facta
2291 1766 2489 1835 sunt3
2534 1758 2650 1840 qui

450 1854 724 1948 propter
765 1884 888 1929 nos
928 1864 1248 1943 homines,
1285 1872 1356 1928 et
1399 1872 1670 1948 propter
1712 1871 2011 1926 nostram
2054 1858 2337 1927 salutem
2382 1859 2651 1925 descen·

298 1977 422 2036 542
451 1968 720 2031 dentem
742 1963 798 2006 ²⁸
847 1967 979 2031 de·
999 1966 1236 2044 caelis;
1294 1976 1364 2033 et
1423 1968 1839 2031 incarnatum
1859 1964 1910 2003 ²⁹
1963 1966 2049 2031 de
2108 1962 2361 2050 Spiritu
2420 1974 2655 2029 sancto

450 2070 592 2137 et³⁰
637 2071 854 2135 Maria
901 2072 1178 2155 virgine,
1214 2080 1282 2135 et
1328 2070 1763 2136 humanatum
1782 2066 1877 2148 ⁸¹;
1942 2068 2332 2134 crucifixum
2378 2064 2655 2134 etia-mffl

446 2196 572 2261 pro
597 2174 790 2241 nobis
828 2176 954 2241 sub
987 2175 1226 2240 Pontio
1243 2174 1300 2213 ⁸³
1341 2174 1579 2250 Pilato,
1612 2184 1683 2237 et
1704 2171 1757 2211 ³4
1797 2192 2071 2255 passum
2098 2180 2169 2237 et
2198 2172 2535 2256 sepultum
2558 2169 2612 2211 ⁸⁶
2638 2194 2655 2247 3

448 2287 517 2344 et
575 2290 1030 2362 resurgentem
1049 2278 1104 2317 ³⁶
1164 2279 1359 2344 tertia
1411 2279 1521 2343 die
1584 2277 1954 2341 secundum
2014 2270 2432 2360 Scripturas3
2474 2284 2575 2341 'et
2595 2273 2653 2314 ⁸⁴

449 2383 914 2449 ascendentem
976 2382 1044 2447 in
1110 2382 1328 2449 caelos
1350 2381 1402 2423 ⁸⁷
1461 2391 1533 2447 et
1551 2379 1604 2420 ⁸⁸
1669 2381 2016 2445 sedentem
2080 2381 2169 2445 ad
2193 2376 2247 2418 ³⁹
2306 2382 2655 2444 dexteram

327 2478 332 2482 ’
453 2488 668 2553 Patris
693 2510 708 2564 3
731 2494 822 2551 ‘et
853 2486 1468 2553 iterum'venturum
1489 2484 1543 2524 ⁴⁰
1580 2504 1733 2550 cum
1777 2484 1987 2569 gloria
2028 2481 2316 2549 iudicare
2357 2485 2543 2548 vivos
2586 2493 2656 2549 et

451 2601 800 2671 mortuos;
875 2590 1059 2656 cuius
1117 2590 1301 2674 regni
1363 2609 1498 2655 non
1569 2590 1695 2654 erit
1768 2587 1938 2654 finis.
2046 2587 2141 2651 Et
2202 2588 2270 2651 in
2332 2586 2661 2672 Spiritum·

449 2698 755 2761 Sanctum
816 2695 1180 2761 Dominum
1204 2692 1258 2733 ⁴¹
1319 2700 1387 2758 et
1444 2692 1963 2771 vivificatorem;
2024 2712 2113 2755 ex
2170 2691 2364 2755 Patre
2422 2710 2654 2774 proce-

453 2800 721 2864 dentem
743 2795 842 2876 *ἲς
884 2798 1181 2882 quicum
1213 2799 1410 2862 Patre
1449 2806 1520 2863 et
1557 2796 1731 2861 Filio
1760 2794 1958 2861 simul
1996 2796 2348 2860 adoratum
2388 2804 2458 2860 et
2501 2813 2653 2859 con-

451 2901 890 2988 glorificatum
908 2900 971 2941 ⁴³
1001 2927 1016 2966 :
1063 2902 1177 2985 qui
1209 2900 1468 2967 locutus
1500 2909 1601 2967 est
1628 2920 1748 2984 per
1791 2898 2153 2983 prophetas
2171 2896 2247 2964 ⁴4.
2341 2899 2421 2962 In
2452 2890 2654 2963 unam

451 3015 772 3085 sanctam,
794 3004 1187 3072 catholicam
1219 3016 1288 3071 et
1315 3004 1752 3090 apostolicam
1775 3002 1831 3041 ⁴⁶
1860 3002 2222 3068 ecclesiam.
2316 3001 2657 3067 Confiteor

449 3128 659 3175 unum
689 3110 1024 3194 baptisma
1063 3110 1130 3173 in
1171 3109 1626 3175 remissionem
1672 3116 2112 3191 peccatorum.
2204 3104 2418 3190 Spero
2446 3125 2655 3171 resur-

453 3212 809 3279 rectionem
841 3224 1278 3288 mortuorum,
1309 3222 1378 3279 et
1405 3213 1615 3277 vitam
1651 3208 1851 3276 futuri
1882 3204 2144 3275 saeculi.
2234 3209 2478 3273 Amen.

540 3317 686 3382 Hoc
709 3316 949 3402 expleto
980 3318 1273 3400 sequitur
1284 3317 1623 3399 presbyter
1645 3314 1753 3381 Itis
1780 3314 2010 3379 verbis.

545 3421 732 3486 Haec
760 3441 1021 3486 summa
1065 3430 1165 3485 est
1183 3418 1240 3459 ⁴⁶
1281 3418 1436 3485 fidei
1477 3429 1759 3495 nostrae,
1787 3415 2197 3482 dilectissimi
2241 3415 2451 3491 nobis,
2490 3415 2657 3480 haec

453 3526 658 3589 verba
715 3536 869 3590 sunt
932 3523 1258 3607 Symboli,
1315 3543 1447 3587 non
1510 3522 1875 3605 sapientiae
1933 3515 2225 3585 humano
2284 3540 2588 3585 sermone
2604 3516 2658 3557 ⁴⁷

457 3627 634 3694 facta
661 3628 778 3693 sed
809 3648 965 3693 vera
994 3628 1310 3693 divinitus
1345 3627 1601 3691 ratione
1629 3626 1976 3707 disposita.
2066 3622 2327 3707 Quibus
2357 3642 2659 3705 compre-

455 3731 822 3797 hendendis
860 3741 1060 3815 atque
1099 3732 1436 3795 servandis
1477 3750 1674 3793 nemo
1716 3748 1849 3791 non
1891 3727 2184 3803 idoneuS,
2210 3746 2409 3792 nemo
2452 3747 2584 3790 non
2604 3725 2656 3765 ⁴⁸

455 3844 674 3918 aptus,
763 3835 896 3901 Hic
937 3835 1067 3899 Dei
1112 3834 1326 3899 Patris
1373 3844 1440 3899 et
1484 3832 1640 3897 Filii
1688 3852 1823 3897 una
1860 3830 2159 3914 aequalis
2196 3831 2661 3915 pronuntiatur

455 3948 772 4023 potestas.
868 3938 1002 4003 Hic
1033 3938 1437 4021 Unigenitus
1467 3936 1596 4001 Dei
1625 3937 1713 3999 de
1753 3936 1968 4000 Maria
1996 3934 2252 4018 virgine
2292 3942 2359 3997 et
2406 3931 2658 4017 Spiritu

457 4052 692 4109 sancto
733 4043 1098 4108 secundum
1133 4060 1401 4107 carnem
1448 4049 1644 4104 natus
1698 4038 2088 4104 ostenditur.
2178 4036 2314 4101 Hic
2362 4037 2659 4101 eiusdem

458 4145 795 4212 crucifixio
810 4144 864 4183 4⁹
896 4156 966 4211 et
984 4143 1337 4229 sepultura,
1357 4164 1434 4209 ac
1458 4143 1567 4208 die
1589 4142 1787 4209 tertia
1810 4139 2199 4207 resurrectio
2222 4140 2658 4225 praedicatur.

463 4250 595 4315 Hic
645 4250 943 4315 ascensio
991 4250 1198 4333 ipsius
1249 4267 1445 4332 super
1492 4245 1713 4313 caelos
1759 4255 1826 4310 et
1878 4245 2208 4311 consessio
2259 4245 2326 4308 in
2379 4244 2662 4309 dextera

456 4364 772 4439 paternae
797 4352 1162 4417 maiestatis
1185 4351 1590 4436 agnoscitur,
1612 4357 2059 4433 venturusque
2080 4351 2169 4413 ad
2188 4346 2244 4388 ⁵⁰
2274 4348 2661 4413 iudicandos

457 4460 644 4524 vivos
673 4467 742 4525 et
773 4466 1070 4523 mortuos
1091 4454 1479 4520 declaratur.
1559 4452 1695 4518 Hic
1721 4453 2007 4536 Spiritus
2028 4460 2293 4517 sanctus
2326 4453 2391 4514 in
2424 4452 2659 4515 eadem

456 4584 589 4647 qua
647 4564 846 4627 Pater
917 4571 985 4626 et
1059 4558 1282 4625 Filius
1330 4560 1580 4624 deitate
1640 4557 2030 4621 indiscretus
2094 4554 2435 4638 accipitur.
2528 4551 2659 4619 Hic

455 4677 798 4751 postremo
842 4664 1155 4731 ecclesiae
1197 4662 1480 4741 vocati0,
1526 4669 1948 4744 peccatorum
1996 4658 2291 4722 remissio
2335 4666 2405 4722 et
2448 4657 2662 4722 carnis

457 4768 846 4836 resurrectio
920 4768 1312 4849 perdocetur
1333 4762 1406 4828 5¹.
1495 4762 1636 4827 Vos
1655 4760 1709 4801 ⁵²
1785 4762 2031 4842 itaque,
2092 4758 2523 4837 dilectissimi,
2572 4780 2662 4823 ex
