3342 5392
1269 428 1727 492 APPENDJX.
2468 427 2590 504 307

746 594 942 655 M'ssa
969 596 1155 654 votiva
1183 596 1244 651 in
1271 592 1606 654 Sanctorum
1635 590 2187 674 [Commemoratione
2204 591 2267 675 ¹].
2648 594 2798 645 Gerb.

575 709 684 772 *0.
725 721 785 771 et
823 728 901 768 m.
943 709 1018 768 D.
1061 710 1154 770 cui
1198 710 1453 770 redditur
1493 721 1689 770 votum
1734 710 1793 768 in
1838 709 2201 770 Hierusalem
2643 676 2694 725 p.
2724 662 2834 712 ’δι’

573 808 834 868 *Exaudi
876 827 932 868 o.
974 808 1048 868 D.
1093 808 1564 887 deprecationem
1607 817 1867 868 nostram
1907 825 2017 886 pro
2054 806 2277 868 famulo

609 904 808 989 [*VD.
850 906 1032 966 Cuius
1072 906 1332 983 potentia
1371 903 1761 987 deprecanda]

612 1003 876 1066 Muneris
916 1005 1094 1064 divini
1131 1006 1388 1082 percepti
1426 1022 1484 1082 q.
1526 1004 1679 1063 Dne.

673 1161 968 1240 Incipiunt
1003 1163 1276 1222 orationes
1313 1163 1656 1239 qnott‘ch‘amssr
1696 1162 1884 1222 diebus
1922 1163 2005 1221 ad
2036 1161 2287 1222 Adri-sam
2302 1159 2343 1218 ¹.
2647 1167 2798 1217 Gerb.

612 1278 899 1356 Perpetua
938 1296 996 1355 q.
1039 1277 1190 1337 Dne.
1232 1295 1380 1355 pace
1421 1277 1648 1338 custodi
1689 1297 1838 1356 quos
1880 1279 1941 1337 in
1982 1289 2040 1339 te
2647 1249 2695 1298 Ρ·
2723 1246 2831 1295 ²³⁰·

611 1377 839 1436 Adesto
879 1376 1050 1436 nobis
1088 1393 1168 1434 m.
1211 1375 1285 1435 D.
1325 1385 1384 1436 et
1423 1385 1556 1436 tuae
1597 1376 1823 1454 pietatis

611 1474 838 1535 Adesto
877 1475 1046 1534 nobis
1087 1492 1145 1552 q.
1188 1473 1340 1534 Dne.
1381 1484 1441 1535 et
1479 1493 1685 1553 preces

611 1572 891 1651 Mysteria
931 1583 1133 1632 sancta
1171 1591 1284 1633 nos
1323 1572 1477 1633 Dne.
1519 1583 1576 1633 et
1617 1573 1961 1651 spiritalibus

614 1670 915 1732 Protector
955 1672 1016 1732 in
1056 1680 1115 1731 te
1155 1671 1511 1749 sperantium
1553 1669 1628 1728 D.
1671 1681 1729 1729 et
1769 1670 2126 1730 subditarum

1240 1828 1378 1888 Item
1407 1831 1526 1887 alia
1552 1827 1766 1888 Missa.
2651 1842 2803 1893 Gerb.
2828 1855 2914 1905 pp.

614 1941 844 2003 Exaudi
885 1962 993 2005 nos
1033 1945 1339 2004 miserator
1376 1955 1434 2003 et
1473 1963 1552 2002 m.
1594 1942 1670 2003 D.
2654 1921 2765 1969 ²30·
2783 1919 2891 1969 23¹·

615 2041 806 2102 Plebis
844 2053 978 2102 tuae
1018 2042 1092 2101 D.
1132 2042 1209 2102 ad
1251 2053 1308 2102 te
1349 2041 1528 2102 corda
1567 2051 1840 2102 converte

615 2139 858 2201 Hostias
897 2160 954 2219 q.
995 2140 1147 2200 Dne.
1189 2141 1418 2218 suscipe
1460 2139 1721 2218 placatus
1761 2139 1987 2199 oblatas

617 2237 834 2298 Sancta
871 2247 973 2298 tua
1013 2256 1124 2298 nos
1164 2238 1314 2298 Dne.
1357 2257 1414 2316 q.
1456 2250 1514 2298 et
1553 2256 1590 2298 a
1629 2239 1883 2316 peccatis

614 2335 856 2414 Suscipe
896 2354 954 2415 q.
997 2336 1148 2396 Dne.
1191 2354 1396 2416 preces
1435 2346 1664 2396 nostras

1238 2490 1406 2576 [Item
1434 2495 1554 2552 aua
1581 2491 1793 2553 Maso.
2657 2513 2792 2564 Geth

614 2609 691 2684 Q.
731 2629 786 2671 o.
831 2609 908 2670 D.
949 2619 1013 2670 ut
1051 2609 1218 2688 plebs
1258 2620 1356 2670 tua
1397 2620 1520 2670 toto
1563 2610 1664 2668 tibi
1706 2609 1883 2670 corde
2654 2595 2702 2644 Ρ·
2731 2592 2839 2640 ²³¹·

616 2707 896 2768 Miserere
935 2709 1114 2769 nostri
1156 2707 1230 2767 D.
1273 2717 1332 2768 et
1372 2718 1506 2768 tuae

577 2805 854 2884 *Suscipe
893 2805 1048 2866 Dne.
1089 2824 1148 2884 q.
1190 2807 1437 2866 hostiam
1476 2806 1895 2884 redemptionis

612 2903 710 2964 Da
750 2924 806 2983 q.
849 2922 905 2964 o.
945 2903 1024 2964 D.
1064 2916 1129 2964 ut
1169 2906 1572 2982 mysteriorum

614 3002 785 3064 Adsit
825 3000 976 3062 Dne.
1017 3003 1282 3062 fidelibus
1321 3003 1432 3062 tuis
1473 3000 1701 3084 sacrae]

1224 3154 1391 3239 [Item
1418 3161 1538 3218 alia
1564 3158 1777 3218 Mem.
2656 3181 2809 3234 Geth,

618 3271 785 3352 Rege
825 3283 1056 3334 nostras
1093 3273 1244 3334 Dne.
1293 3274 1576 3352 propitius
1616 3273 1936 3334 voluntates
2655 3265 2706 3314 P·
2734 3262 2843 3313 ²31·

615 3372 713 3433 Da
753 3371 986 3432 famulis
1027 3371 1138 3432 tuis
1177 3370 1252 3430 D.
1296 3371 1719 3448 indulgentiam
1758 3381 2133 3448 peccatorum

618 3471 756 3532 Tua
796 3481 1160 3531 sacramenta
1198 3487 1310 3530 nos
1349 3469 1426 3528 D.
1466 3470 1885 3548 circumtegant

620 3568 752 3630 VD.
795 3567 878 3628 Ut
919 3569 1057 3647 quia
1097 3569 1178 3628 tui
1219 3578 1307 3629 est
1346 3569 1540 3646 operis
1581 3568 1628 3629 si
1669 3569 1810 3647 quid

618 3669 753 3729 Tua
794 3679 998 3728 sancta
1038 3667 1208 3728 nobis
1249 3685 1308 3727 o.
1349 3666 1424 3727 D.
1470 3685 1620 3746 quae
1662 3667 2017 3745 sumpsimus

617 3767 923 3828 Familiam
963 3777 1122 3826 tuam
1165 3764 1316 3826 Dne.
1359 3766 1614 3844 pervigili
1656 3764 1893 3848 pietate]

1223 3920 1390 4006 [Item
1418 3925 1538 3982 alia
1567 3923 1779 3983 Mis-sa.
2656 3948 2806 4000 Geth.
2832 3967 2916 4015 pp.

619 4041 958 4118 Comprime
999 4039 1150 4100 Dne.
1196 4058 1250 4119 q.
1296 4039 1502 4101 noxios
1545 4058 1775 4118 semper
1814 4041 2077 4101 incursus
2660 4028 2771 4078 ²31,
2797 4029 2908 4076 ²3²·

622 4141 722 4200 Tu
762 4138 916 4198 Dne.
957 4156 1186 4216 semper
1227 4157 1262 4197 a
1303 4139 1475 4199 nobis
1516 4156 1757 4198 omnem
1796 4156 2032 4200 remove

619 4237 694 4297 In
732 4246 833 4297 tuo
874 4247 1190 4314 conspectu
1229 4237 1380 4296 Dne.
1423 4255 1478 4314 q.
1519 4236 1654 4295 talia

621 4331 754 4393 VD.
795 4331 879 4393 Ut
918 4351 1038 4394 non
1079 4334 1140 4394 in
1183 4335 1354 4394 nobis
1395 4345 1593 4394 nostra
1633 4333 1853 4393 malitia

626 4431 969 4507 Quotidiani
1008 4431 1161 4492 Dne.
1201 4450 1258 4510 q.
1304 4451 1540 4492 munere
1583 4434 1927 4493 sacramenti

624 4529 880 4610 Respice
917 4529 1069 4592 Dne.
1108 4531 1390 4609 propitius
1429 4531 1660 4609 plebem
1700 4527 1885 4612 tuam]

833 4685 852 4714 ¹
884 4686 996 4739 The
1017 4687 1154 4738 word
1175 4688 1226 4737 in
1249 4687 1300 4738 S.
1334 4689 1378 4738 is
1399 4703 1516 4738 over
1535 4704 1598 4738 an
1621 4703 1846 4750 erasure3
1881 4687 1941 4736 R.
1970 4688 2120 4738 omits
2142 4688 2194 4737 it.

829 4752 850 4782 ²
885 4754 946 4805 R.
969 4755 1094 4804 adds
1113 4769 1226 4803 cum
1247 4769 1446 4804 canone.
