3342 5392
303 1043 456 1093 Gerb.

303 1125 354 1174 p.
383 1123 492 1176 190.

301 1726 455 1778 Gerb.

299 1809 350 1857 p.
379 1807 490 1858 190.

297 2547 448 2598 Gerb.

294 2631 345 2679 p.
375 2626 487 2679 ¹9¹·

293 3232 449 3282 Gerb.
472 3248 558 3297 pp.

297 3311 409 3362 191,
429 3312 540 3363 192.

291 3916 445 3966 Gerb.

291 3999 341 4046 p.
373 3996 484 4047 ¹9²·

289 4403 444 4454 Gerb.

288 4486 340 4534 p.
369 4482 480 4533 19²·

669 391 796 476 360
1535 395 1995 454 APPENDJX.

831 559 1134 622 *Gloriam
1175 559 1330 622 Due.
1369 571 1709 622 sanctorum
1750 559 2169 638 Apostolorum

831 659 1002 720 ΛΠ).
1045 658 1138 720 Te
1183 660 1244 718 in
1285 669 1518 720 tuorum
1557 658 1955 737 apostolorum
1996 658 2385 736 glorificantes

871 757 1164 834 Perceptis
1205 756 1358 816 Dne.
1399 757 1779 818 sacramentis
1818 757 2149 835 suppliciter

867 855 1097 916 Exaudi
1139 873 1250 916 nos
1289 853 1366 914 D.
1409 855 1672 916 salutaris
1712 867 1912 916 noster
1952 865 2011 916 et
2052 855 2447 934 apostolorum

1289 1029 1472 1090 IJebd.
1515 1031 1678 1090 xxiv
1712 1037 1841 1108 post
1874 1029 2236 1092 Pentecosten.

869 1143 1110 1222 Largire
1150 1163 1208 1223 q.
1251 1143 1404 1205 Dne.
1445 1145 1715 1206 fidelibus
1754 1147 1867 1204 tuis
1906 1146 2325 1222 indulgentiam

827 1241 1094 1304 *Delicta
1133 1253 1332 1304 nostra
1373 1241 1526 1304 Dne.
1569 1244 1781 1321 quibus
1822 1243 2065 1304 adversa

865 1340 1192 1402 Caelestem
1231 1341 1404 1401 nobis
1443 1343 1761 1419 praebeant
1800 1341 1947 1402 haec
1988 1342 2262 1420 mysteria

831 1437 998 1499 ΛΠ).
1041 1439 1414 1499 Maiestatem
1455 1448 1618 1499 tuam
1660 1439 1815 1502 Dne.
1856 1440 2194 1519 suppliciter

865 1537 949 1597 Ut
989 1537 1169 1598 sacris
1209 1536 1362 1597 Dne.
1404 1537 1719 1598 reddamur
1758 1539 1919 1618 digni

733 1711 902 1796 [Kal.
945 1711 1098 1774 Nov.
1137 1710 1282 1774 Nat.
1327 1713 1392 1774 S.
1437 1711 1719 1774 Caesarii.
1805 1713 1913 1774 Ad
1944 1715 2219 1774 collectam
2262 1715 2345 1773 ad
2380 1712 2493 1774 SS.
2540 1711 2813 1774 cosmam

1527 1818 1583 1871 et
1617 1811 1989 1872 Damr'anum.

864 1927 1086 1988 Adesto
1126 1926 1278 1986 Dne.
1318 1936 1642 2005 martyrum
1684 1928 2097 2006 deprecatione
2139 1939 2475 1990 sanctorum

1553 2061 1660 2120 Ad
1694 2059 1964 2120 Miri-am.

867 2165 941 2224 D.
982 2166 1082 2243 qui
1125 2185 1236 2226 nos
1274 2166 1330 2224 b.
1372 2167 1638 2243 martyris
1680 2168 1763 2227 tui
1805 2165 2067 2228 Caesarii

865 2264 1110 2324 Hostias
1151 2265 1254 2324 tibi
1299 2263 1453 2324 Dne.
1497 2267 1552 2325 b.
1594 2265 1853 2326 Caesarii

865 2363 1059 2426 Huius
1097 2381 1212 2424 nos
1253 2363 1404 2424 Dne.
1447 2364 1745 2442 perceptio
1786 2363 2167 2446 sacramenti]

1288 2536 1472 2597 Hebd.
1511 2557 1654 2598 xxv
1682 2547 1815 2615 post
1852 2539 2217 2600 Pentecoslcn.

861 2651 936 2712 D.
955 2721 960 2726 ⁶
979 2653 1079 2730 qui
1123 2670 1234 2713 nos
1273 2653 1534 2730 regendo
1577 2673 1888 2715 conservas

859 2751 1166 2810 Familiam
1207 2761 1368 2810 tuam
1407 2770 1466 2828 q.
1508 2751 1662 2812 Dne.
1704 2753 1983 2813 continua
2024 2753 2235 2830 pietate

863 2849 1106 2925 Suscipe
1145 2847 1298 2909 Dne.
1341 2851 1689 2927 propitiatus
1731 2851 1949 2910 hostias

822 2947 990 3006 *VD.
1031 2946 1144 3007 Per
1181 2965 1357 3026 quem
1399 2959 1665 3008 sanctum
1706 2960 1766 3008 et
1808 2949 2173 3009 benedictum

859 3046 1313 3106 Immortalitatis
1355 3046 1697 3106 alimoniam
1736 3048 2035 3107 consecuti

1079 3218 1180 3302 [vi
1212 3219 1309 3282 Id.
1350 3219 1505 3280 Nov.
1547 3220 1691 3281 Nat.
1738 3219 1853 3282 SS.
1898 3225 1958 3281 iv
2003 3220 2427 3283 Coronatortcm.

861 3334 1096 3396 Praesta
1134 3354 1190 3414 q.
1232 3354 1290 3396 0.
1331 3334 1407 3395 D.
1452 3347 1516 3394 ut
1557 3337 1658 3413 qui
1702 3337 1990 3414 gloriosos

821 3435 1076 3494 *Annua
1115 3443 1432 3511 martyrum
1473 3446 1703 3494 tuorum
1746 3435 1898 3494 Dne.
1945 3445 2081 3494 vota
2123 3435 2467 3494 recurrimus

856 3531 1101 3592 Hostias
1141 3532 1244 3591 tibi
1285 3531 1441 3592 Dne.
1486 3551 1594 3610 pro
1633 3543 1951 3610 martyrum

855 3630 989 3689 VD.
1032 3631 1406 3692 Celebrantes
1448 3643 1783 3692 sanctorum
1824 3632 2081 3692 natalitia
2122 3641 2533 3691 coronatorum

858 3730 1204 3791 Sanctorum
1245 3741 1478 3791 tuorum
1520 3742 1937 3791 coronatorum
1980 3748 2038 3808 q.
2082 3727 2267 3810 Dne.]

1239 3900 1304 3984 [v
1345 3902 1438 3962 Id.
1481 3903 1634 3964 Nov.
1678 3901 1823 3963 Nat.
1868 3903 1931 3962 S.
1982 3903 2265 3963 Theodori.

819 4017 1173 4078 *Praetende
1215 4019 1386 4079 nobis
1428 4017 1562 4079 Dne
1605 4019 2064 4078 misericordiam
2108 4029 2269 4077 tuam

857 4116 1096 4194 Suscipe
1141 4115 1294 4176 Dne.
1338 4116 1595 4176 fidelium
1637 4136 1841 4194 preces
1882 4135 2017 4176 cum
2060 4115 2446 4177 oblationibus

855 4213 1053 4275 Sancti
1095 4233 1206 4274 nos
1247 4235 1304 4294 q.
1346 4214 1501 4275 Dne.
1543 4212 1878 4296 Theodori]

1235 4387 1340 4471 [iii
1373 4389 1466 4452 Id.
1509 4388 1659 4450 Nov.
1703 4388 1847 4449 Nat.
1892 4389 1958 4450 S.
2000 4389 2259 4448 Blennae.

853 4504 1090 4566 Praesta
1130 4525 1186 4583 q.
1230 4523 1288 4565 o.
1331 4505 1408 4564 D.
1451 4515 1515 4564 ut
1555 4506 1654 4582 qui
1699 4506 1756 4564 b.
1801 4503 2061 4566 Mennae

851 4603 920 4663 B.
963 4603 1218 4663 Mennae
1262 4605 1527 4681 martyris
1567 4605 1650 4662 tui
1692 4603 1845 4665 Dne.
1888 4602 2175 4663 solemnia

851 4701 1189 4763 Benedictio
1232 4714 1332 4762 tua
1376 4701 1452 4763 D.
1498 4702 1739 4780 impleat
1779 4702 1961 4764 corda
2002 4698 2288 4782 fidelium]
