3342 5392
401 438 444 489 1.
467 438 574 504 xa]
1031 435 1460 493 ROMANAE
1499 435 1991 494 ECCLESIAE.
2468 449 2495 494 1
2510 447 2597 516 39

1439 678 1575 734 xc,

1124 824 1320 888 ITEM
1364 837 1544 889 ALIA
1592 825 1827 890 MISSA
1844 823 1888 888 ¹.

487 979 692 1060 DeuS,
721 979 836 1063 qui
881 979 1346 1045 sacrandorum
1377 979 1498 1045 tibi
1542 989 1777 1045 auctor
1820 999 1893 1045 es
1936 999 2303 1058 munerum,
2332 977 2599 1044 effunde
2650 988 2799 1039 Gerb.
2827 986 2939 1039 226.

397 1104 596 1168 super
644 1084 815 1148 hanc
852 1084 1168 1149 orationis
1220 1085 1496 1148 domurn
1533 1083 2065 1148 benedictionem
2113 1092 2340 1162 tuam;
2387 1093 2461 1148 ut
2510 1085 2597 1148 ab
2650 1055 2785 1170 ff}
2809 1069 2925 1184 ἕξ,

397 1184 752 1252 omnibus²
795 1188 1254 1252 invocantibus
1313 1208 1556 1253 nomen
1620 1197 1813 1252 tuum
1873 1187 2272 1253 defensionis
2332 1182 2551 1275 [tuae]
2574 1187 2601 1227 ⁸
2649 1185 2815 1236 1⁴⁸0st-
2841 1198 2951 1249 ²19-

395 1290 718 1356 auxilium
749 1292 1089 1356 sentiatur.
1181 1291 1306 1356 Per
1337 1291 1725 1357 Dominum.
1753 1318 1796 1374 γ

487 1412 693 1490 Deus,
721 1412 838 1496 qui
870 1431 960 1476 ex
1003 1412 1186 1476 omni
1223 1411 1648 1495 coaptatione
1684 1422 2063 1478 sanctorum
2099 1422 2439 1479 aeternum
2476 1412 2599 1478 tibi
2652 1421 2805 1472 Gerb.
2834 1419 2947 1470 226.

398 1515 632 1580 condis
691 1515 1163 1594 habitaculum,
1218 1516 1306 1580 da
1373 1514 1855 1582 aedificationis
1876 1513 1907 1554 ⁴
1967 1525 2126 1580 tuae
2197 1516 2601 1582 incrementa
2651 1488 2951 1617 ffifffl·¹,‚⁵1⁷'3‚

399 1618 732 1694 caelestia,
774 1627 843 1682 et
861 1617 889 1656 ⁶
933 1639 1217 1702 quorum
1261 1617 1368 1683 hic
1421 1620 1732 1703 reliquias
1790 1621 1903 1702 pio
1954 1620 2225 1685 amore⁶
2270 1619 2601 1703 complec-

399 1723 603 1787 timur
635 1743 864 1788 eorum
893 1742 1160 1806 semper
1189 1722 1439 1788 meritis
1469 1724 1877 1788 adiuvemur.
1970 1722 2109 1788 Per.
2139 1750 2182 1806 γ

1351 1911 1646 1970 Secreta.

489 2023 936 2109 Omnipotens
977 2025 1378 2108 sempiterne
1413 2026 1617 2103 Deus,
1649 2025 1915 2090 effunde
1942 2044 2143 2108 super
2171 2023 2348 2091 hunc
2378 2025 2597 2090 locum
2650 2045 2802 2095 Gerb.
2828 2054 2938 2108 227.

399 2128 683 2212 gratiam
702 2139 910 2208 tuam,
927 2138 995 2193 et
1023 2129 1334 2194 omnibus
1355 2137 1422 2193 te
1453 2127 1951 2194 invocantibus⁷
1980 2127 2210 2194 auxilii
2230 2129 2328 2194 tui
2360 2149 2599 2194 munus
2650 2109 2925 2226 fffofflf‘·

399 2233 679 2297 ostende
696 2231 744 2310 ⁸,
795 2243 870 2299 ut
917 2231 1024 2298 hic
1075 2241 1636 2297 sacramentorum
1687 2234 1897 2297 virtus
1946 2233 2243 2297 omniurn
2295 2231 2596 2296 fidelium
2648 2240 2731 2290 Cr.
2756 2241 2897 2292 Men.

398 2337 600 2401 corda
628 2333 990 2400 confirmet.
1080 2335 1207 2401 Per
1243 2335 1630 2400 Dominum.
2655 2319 2749 2370 ¹⁵³
2774 2306 2946 2372 (Pi-ef.)

253 2470 374 2527 615
489 2456 671 2521 ·VD.
716 2456 842 2520 Per
890 2455 1231 2521 Christum
1285 2456 1652 2521 Dominum
1702 2464 2021 2520 nostrum.
2113 2456 2238 2520 Per
2287 2475 2487 2539 quem
2528 2465 2601 2520 te
2653 2475 2803 2526 Gerb.
2831 2472 2945 2525 226.

397 2559 728 2646 supplices
779 2563 1210 2657 deprecamur
1261 2569 1335 2624 ut
1391 2559 1602 2624 altare
1648 2558 1780 2625 hoc
1828 2560 2074 2624 sanctis
2126 2560 2356 2624 usibus
2414 2579 2599 2644 prae-
2710 2541 2788 2657 ρξ’.
2804 2553 2927 2669 {2⁸3

400 2675 706 2751 paratum
766 2664 1033 2730 caelesti
1099 2663 1514 2728 dedicatione
1579 2662 1967 2740 sanctificeS,
2024 2663 2139 2728 et⁹
2199 2665 2371 2730 sicut
2430 2663 2599 2728 Mel·
2651 2671 2815 2724 Iaeofr.
2842 2685 2955 2734 219.

400 2767 752 2834 chisedech
843 2767 1208 2834 sacerdotis
1298 2767 1634 2851 praecipui
1730 2767 2141 2832 oblationem
2213 2768 2601 2852 dignatione

403 2871 686 2938 mirabili
735 2871 1104 2955 suscepisti,
1154 2871 1250 2937 ita
1307 2871 1618 2955 imposita
1665 2891 1841 2937 novo
1888 2871 2040 2937 huic
2088 2871 2276 2936 altari
2329 2891 2603 2936 munera

399 2996 664 3061 semper
705 2985 984 3060 accepta
1012 2975 1180 3040 serre
1199 2974 1252 3014 ¹⁰
1281 2974 1593 3060 digneris,
1633 2985 1709 3041 ut
1750 2974 2037 3059 populus
2066 2985 2223 3040 tuus
2243 2970 2295 3012 ¹¹
2327 2976 2396 3040 in
2432 2975 2602 3041 hanc

401 3078 714 3146 ecclesiae
763 3081 1039 3144 domum
1087 3088 1383 3145 sanctam
1434 3079 1831 3144 conveniens
1854 3075 1925 3156 ¹¹,
1976 3099 2095 3162 per
2141 3078 2307 3143 haec
2366 3098 2533 3162 pura
2550 3075 2603 3116 ¹²

403 3183 719 3249 libamina
765 3181 1032 3248 caelesti
1075 3181 1596 3248 sanctificatione
1645 3181 1961 3259 salvatus»,
2012 3183 2380 3247 animarum
2431 3202 2601 3266 quo-

402 3307 534 3370 que
559 3305 844 3352 suarum
885 3285 1166 3352 salutem
1199 3294 1590 3370 perpetuam
1608 3284 1664 3324 ¹³
1696 3293 2159 3368 consequatur.
2247 3285 2370 3350 Per
2400 3305 2600 3369 quem

401 3391 834 3457 maiestatem.
865 3416 906 3471 γ

1197 3484 1392 3542 Intra
1432 3483 1791 3542 actionem.

494 3597 690 3664 Hanc
735 3598 936 3682 igitur
966 3597 1375 3664 oblationem
1422 3596 1652 3662 famuli
1698 3593 1808 3661 vel
1844 3594 2130 3663 famulae
2160 3605 2313 3660 tuae
2340 3595 2463 3660 Illi
2500 3596 2611 3660 vel

403 3700 643 3766 Illae¹⁴
670 3722 875 3784 quam
911 3701 1035 3766 tibi
1066 3702 1132 3766 in
1177 3700 1372 3766 huius
1407 3700 1638 3783 templi
1682 3700 2271 3766 sanctificationem
2315 3699 2601 3765 offerunt

405 3805 882 3870 immolandam
903 3803 976 3884 ¹⁵,
1007 3825 1428 3888 quaesumus,
1460 3804 1771 3883 Domine,
1808 3804 2156 3886 dignanter
2192 3804 2481 3882 intende,
2526 3812 2600 3867 ut

403 3908 645 3987 aulam,
674 3929 847 3992 quae
884 3907 1063 3973 beati
1103 3909 1413 3991 martyris
1443 3907 1542 3974 tui
1581 3907 1781 3972 Illius
1816 3907 2066 3972 meritis
2107 3908 2525 3990 aequipetere
2545 3907 2599 3946 ¹⁶

403 4031 541 4078 non
579 4013 808 4096 possit,
841 4021 998 4078 tuae
1035 4010 1350 4078 claritatis
1386 4012 1610 4077 vultus
1651 4011 1954 4087 illustret,
1996 4009 2243 4094 fiatque
2286 4020 2404 4075 tua
2449 4030 2599 4094 pro·

404 4117 752 4201 pitiatione
830 4116 962 4180 tuis
1033 4117 1236 4180 sacris
1311 4118 1689 4200 sanctisque
1766 4116 1971 4198 digna
2050 4115 2405 4196 mysteriis.
2495 4113 2602 4180 Sit

405 4229 714 4286 aeternae
771 4219 936 4285 lucis
987 4219 1436 4286 habitaculum
1496 4219 1866 4304 temporale
1885 4215 1975 4282 ¹⁷:
2036 4217 2201 4281 nihil
2252 4218 2361 4282 hic
2412 4238 2602 4283 mun-

404 4325 618 4390 danae
677 4324 906 4388 sordes
969 4324 1523 4406 obscuritatisque
1579 4323 1983 4408 possideant,
2044 4330 2118 4386 ut
2165 4321 2431 4386 veniens
2494 4321 2601 4387 hic

403 4427 690 4514 populus
748 4437 904 4493 tuus
960 4448 1118 4491 suae
1191 4436 1628 4510 consequatur
1686 4427 2003 4493 orationis
2066 4426 2395 4498 effectum,
2454 4425 2600 4508 dig-

405 4551 700 4617 numque
717 4531 769 4570 ¹⁸
803 4532 1021 4597 locum
1065 4531 1239 4595 hunc
1279 4541 1397 4595 tua
1419 4531 1471 4570 ¹⁹
1501 4531 1744 4596 sentiat
1786 4531 2147 4608 maiestate,
2178 4529 2338 4593 dum
2378 4550 2419 4594 a
2459 4527 2601 4594 te²⁰

404 4635 744 4720 postulata
818 4633 1012 4698 fuerit
1027 4633 1078 4671 ²¹
1156 4645 1583 4698 consecutus:
1653 4634 1872 4716 sitque
1950 4631 2450 4698 aedificantibus
2530 4633 2601 4696 in

405 4741 619 4825 pretio
638 4737 691 4776 ²²
724 4739 1138 4816 delictorum,
1173 4738 1333 4801 dum
1382 4758 1421 4801 a
1473 4749 1540 4802 te
1564 4736 1618 4776 ²⁰
1663 4758 1800 4803 non
1844 4758 1965 4821 pro
2005 4738 2103 4802 sui
2144 4737 2366 4822 operis
2392 4756 2601 4820 quan-

961 4857 1000 4902 4
