3342 5392
1293 430 1758 490 APPENDJX.
2496 432 2624 504 337

1065 595 1248 655 Fert'a
1279 599 1336 656 iv
1363 597 1447 654 od
1470 594 1534 658 S.
1570 596 1969 656 Laurentium.
2676 596 2825 650 Gerb.
2842 611 2889 661 p.
2904 592 2985 662 96.

634 712 708 772 D.
751 713 852 791 qui
895 729 1004 773 nos
1046 711 1484 771 resurrectionis

593 809 703 870 *D.
745 811 848 889 qui
889 810 1256 870 solemnitate
1297 809 1556 888 paschali

631 909 924 970 Sacrificio.
961 908 1117 969 Dne.
1157 908 1530 987 paschalibus
1571 907 1805 986 gaudiis

593 1006 762 1067 ΛΠ).
805 1007 1248 1070 Circumdantes
1287 1007 1490 1068 altaria
1529 1017 1630 1066 tua

632 1106 812 1166 Hanc
849 1107 1024 1184 igitur
1061 1105 1155 1188 (ut
1190 1106 1414 1187 supra.)

627 1206 725 1265 Ab
765 1205 928 1266 omni
969 1222 1082 1266 nos
1123 1223 1183 1282 q.
1226 1202 1376 1265 Dne.
1418 1213 1702 1264 vetustate

629 1302 735 1362 Ad
767 1313 912 1381 vesp.
991 1301 1230 1363 Praesta
1269 1321 1327 1380 q.
1369 1320 1426 1363 o.
1467 1302 1542 1362 D.
1582 1314 1646 1362 ut
1686 1301 1859 1361 huius
1900 1300 2190 1380 paschalis

623 1401 732 1460 Ad
741 1401 954 1480 sontes.
1038 1400 1113 1461 D.
1157 1402 1262 1479 qui
1301 1420 1412 1462 nos
1452 1419 1558 1478 per
1596 1401 1894 1479 paschalia
1936 1399 2083 1460 festa

629 1499 739 1559 Ad
769 1498 838 1560 S.
863 1499 1054 1560 Andr.
1137 1499 1363 1559 Tribue
1404 1518 1460 1577 q.
1504 1517 1560 1561 o.
1605 1498 1683 1558 D.
1723 1508 1789 1558 ut
1829 1498 1963 1558 illuc

1035 1629 1214 1691 Fer-ia
1244 1651 1280 1692 v
1306 1633 1391 1691 ad
1414 1629 1556 1712 (3·ἴοῖ
1586 1627 1687 1710 R.)
1715 1631 2023 1710 Apostolos.
2354 1617 2364 1626 ⁹
2680 1627 2893 1692 Gerbff‘·
2908 1635 2989 1690 97·

630 1745 710 1806 D.
748 1746 849 1823 qui
894 1747 1280 1807 diversitatem
1323 1748 1588 1824 gentium

597 1843 708 1904 *D.
750 1845 853 1924 qui
893 1844 1242 1923 multiplicas
1285 1845 1553 1905 sobolem
1596 1842 1823 1924 (sobole
1867 1841 1973 1923 S.).

636 1942 882 2021 Suscipe
921 1960 979 2021 q.
1019 1942 1174 2002 Dne.
1213 1961 1462 2002 munera
1501 1942 1853 2020 populorum

633 2039 770 2102 VD.
812 2041 972 2114 Quia
1011 2050 1289 2101 vetustate
1330 2041 1622 2100 destructa

633 2139 814 2200 Hanc
850 2140 1028 2218 igitur
1065 2137 1160 2218 (ut
1193 2137 1418 2216 surpra.)

631 2237 862 2298 Exaudi
903 2237 1053 2297 Dne.
1093 2255 1300 2315 preces
1339 2247 1571 2298 nostras
1611 2249 1677 2297 ut
1716 2236 2141 2314 redemptionis

632 2335 740 2394 Ad
772 2346 918 2414 vesp.
1004 2334 1082 2395 D.
1123 2336 1224 2414 qui
1265 2337 1442 2396 nobis
1480 2337 1556 2396 ad
1599 2335 2018 2396 celebrandum

632 2434 740 2492 Ad
751 2434 966 2512 sontes.
1047 2433 1146 2494 Da
1185 2454 1242 2513 q.
1284 2452 1340 2497 0.
1390 2433 1468 2492 D.
1505 2444 1572 2494 ut
1609 2434 1857 2494 ecclesia
1897 2443 2001 2493 tua

629 2532 739 2592 Ad
772 2531 837 2594 S.
879 2532 1078 2596 Andr.
1157 2531 1490 2610 Multiplica
1527 2552 1584 2612 q.
1630 2532 1783 2594 Dne.
1827 2532 2003 2592 fidem

781 2663 964 2724 Feria
1005 2665 1174 2724 viad
1209 2663 1275 2726 S.
1302 2663 1570 2724 Mariam
1598 2661 1701 2742 (R.
1731 2663 1879 2724 adds
1918 2665 2004 2724 ad
2032 2656 2269 2744 Mari).
2684 2676 2836 2728 Gerb.
2853 2678 2995 2742 p.98.

635 2778 710 2842 O.
755 2797 798 2839 s.
838 2779 919 2839 D.
959 2780 1060 2859 qui
1100 2779 1374 2858 paschale
1416 2791 1841 2841 sacramentum

633 2877 710 2937 D.
751 2878 852 2957 qui
893 2878 968 2938 ad
1011 2878 1262 2939 caeleste
1304 2897 1550 2956 regnum

635 2975 880 3036 Hostias
921 2995 979 3054 q.
1023 2975 1176 3036 Dne.
1217 2977 1482 3055 placatus
1523 2996 1756 3038 assume

595 3073 766 3133 *VD.
808 3073 930 3146 Qui
958 3073 1278 3133 secundum
1311 3075 1713 3153 promissionis
1754 3094 1895 3136 suae
1918 3120 1932 3136 .
1955 3119 1970 3134 .
1996 3120 2010 3134 .
2030 3075 2300 3136 caelestis
2342 3073 2608 3154 pontifex

637 3169 844 3254 [Hanc
885 3171 1058 3250 igitur
1097 3179 1166 3230 ut
1199 3171 1424 3253 supra]

636 3270 888 3348 Respice
930 3287 992 3348 q.
1031 3268 1188 3334 Dne.
1227 3271 1510 3348 populum
1553 3279 1720 3331 tuum
1761 3279 1821 3331 et
1860 3289 2037 3349 quem
2076 3273 2326 3332 aeternis

632 3368 743 3428 Ad
777 3377 925 3444 vesp.
951 3369 1014 3428 in
1054 3367 1431 3428 Hierusalem.
1496 3367 1575 3430 D.
1615 3389 1722 3448 per
1762 3388 1937 3447 quem
1978 3371 2148 3431 nobis
2190 3381 2249 3432 et
2289 3371 2609 3450 redemptio

635 3465 690 3527 Α
698 3466 743 3525 d
767 3467 970 3540 fontes.
1053 3466 1276 3526 Adesto
1317 3485 1373 3544 q.
1415 3465 1566 3528 Dne.
1585 3463 1589 3468 “
1606 3467 1857 3528 familiae
1898 3479 2033 3528 tuae

863 3597 1106 3660 Sabbato
1133 3597 1216 3658 ad
1235 3597 1300 3660 S.
1329 3597 1592 3658 Ioannem
1619 3599 1709 3658 ad
1724 3597 2057 3678 Ζαίξεναηὼ·
2084 3598 2201 3680 R.).
2685 3610 2837 3660 Gerb.

637 3713 913 3776 Concede
955 3734 1011 3793 q.
1055 3735 1109 3775 o.
1152 3713 1228 3774 D.
1271 3727 1332 3774 ut
1371 3715 1472 3792 qui
1514 3715 1660 3774 festa
1700 3715 1994 3793 paschalia
2684 3691 2862 3742 Pp·99‚
2882 3689 2991 3727 100-

599 3811 714 3874 *D.
755 3815 857 3892 qui
897 3811 1026 3894 (sic)
1066 3815 1438 3874 innocentiae
1480 3814 1775 3874 restitutor

637 3910 922 3972 Concede
963 3932 1020 3991 q.
1062 3911 1218 3973 Dne.
1259 3930 1490 3991 semper
1533 3930 1643 3972 nos

601 4009 774 4072 *VD.
813 4008 946 4071 Nos
988 4021 1044 4070 te
1086 4011 1422 4088 suppliciter
1464 4012 1771 4072 obsecrare

640 4107 818 4169 Hanc
859 4109 1034 4188 igitur
1072 4106 1167 4188 (ut
1201 4107 1422 4186 supra.)

639 4205 1088 4286 Redemptionis
1129 4216 1364 4268 nostrae
1405 4225 1646 4268 munere
1688 4209 1938 4287 vegetati

597 4305 741 4364 *Ad
773 4315 916 4383 vesp.
947 4302 1058 4387 [ad
1090 4303 1158 4368 S.
1187 4303 1501 4387 Mariam}
1569 4305 1648 4367 D.
1689 4307 1955 4368 conditor
1995 4308 2169 4367 totius
2208 4315 2505 4367 creaturae

638 4402 747 4462 Ad
759 4404 975 4483 sontes.
1061 4402 1136 4464 D.
1178 4405 1278 4482 qui
1320 4405 1667 4483 multiplicas
1709 4405 2015 4466 ecclesiam
2055 4416 2215 4466 tuam
2259 4407 2319 4464 in
2362 4406 2565 4465 sobole

1123 4535 1242 4598 Die
1267 4533 1574 4595 Domr‘nr'ca
1588 4542 1725 4614 post
1746 4536 1944 4598 Albas.
2682 4545 2835 4596 Gerb.
2858 4561 2946 4611 pp.

638 4649 875 4712 Praesta
916 4669 974 4729 q.
1017 4669 1076 4712 0.
1117 4649 1194 4710 D.
1234 4661 1298 4712 ut
1338 4652 1438 4729 qui
1480 4650 1648 4729 (festa
1693 4651 1793 4732 R.)
1833 4651 2126 4730 paschalia
2688 4625 2798 4669 ¹0⁰¹
2821 4625 2929 4662 ¹⁰¹·

644 4747 719 4807 D·
765 4751 864 4827 qui
907 4751 1122 4810 renatis
1162 4751 1511 4828 baptismate
1553 4760 1804 4814 mortem

1523 4862 1562 4911 Z
