3342 5392
432 402 471 451 1.
498 401 614 466 aa]
1053 402 1480 459 ROMANAE
1523 401 2006 461 ECCLESJAE.
2538 408 2621 477 75

427 572 649 629 noster
694 564 952 629 diversa
1011 564 1306 647 utrisque
1355 564 1579 631 intulit
1637 565 1970 649 stipendia
2022 564 2427 641 meritorum,
2478 564 2573 631 ita
2595 566 2623 604 ⁶

426 667 637 746 nobiS,
676 667 904 733 ablato
943 669 1293 733 vetustatis
1336 688 1571 745 errore,
1615 670 2102 737 resurrectionis
2142 689 2304 734 suae
2340 669 2623 752 gratiam

426 772 759 854 largiatur.
851 770 984 853 Qui
1015 782 1237 837 tecum
1267 771 1444 837 vivit.
1488 798 1532 855 γ

509 893 657 957 Ista
699 895 989 957 oratione
1029 892 1278 974 expleta
1323 893 1513 958 vadis
1554 903 1731 959 retro
1772 893 1986 959 altare
2026 904 2093 959 et
2138 892 2381 977 legitur
2422 892 2621 959 lectio.

421 994 674 1060 Deinde
699 997 989 1078 sequitur
1017 996 1508 1079 responsorium.

509 1101 762 1165 Iterum
805 1100 974 1165 dicit
1009 1098 1340 1165 sacerdos:
1388 1098 1695 1165 Oremus.
1784 1100 1890 1165 Et
1920 1102 2277 1167 annuntiat
2316 1100 2623 1167 diaconus

423 1212 502 1269 ut
523 1214 738 1287 supra,
768 1213 835 1269 et
855 1205 1150 1287 sequitur
1177 1202 1316 1269 alia
1341 1206 1553 1270 oratio
1573 1200 1616 1267 ⁷.

514 1324 716 1399 DeuS,
745 1326 859 1407 qui
899 1325 1154 1410 peccati
1191 1326 1431 1390 veteris
1476 1324 1983 1391 haereditariam
2038 1334 2340 1404 mortem,
2384 1326 2453 1389 in
2488 1345 2621 1408 qua
2670 1338 2734 1390 R.

423 1430 833 1512 posteritatis
890 1450 1098 1511 genus
1158 1449 1356 1494 omne
1412 1437 1837 1509 successerat,
1886 1428 2129 1495 Christi
2189 1430 2287 1494 tui
2347 1429 2621 1494 Domini
2668 1404 2944 1537 ξξὲιῗᾈέξ.

427 1533 632 1597 nostri
668 1533 976 1618 passione
1021 1530 1298 1610 solvisti,
1344 1534 1524 1599 dona
1542 1530 1568 1569 ⁸
1607 1544 1685 1597 ut
1723 1534 2091 1599 conformes
2138 1534 2357 1598 eidem
2379 1534 2404 1571 ⁹
2448 1532 2621 1611 sacti,

421 1638 591 1703 sicut
632 1638 988 1721 imaginem
1027 1637 1268 1701 terreni
1311 1648 1584 1702 naturae
1623 1638 2017 1702 necessitate
2061 1636 2489 1722 portavimuS,
2528 1638 2622 1703 ita

421 1741 780 1824 imaginem
818 1738 1120 1807 caelestis
1153 1741 1406 1825 gratiae
1435 1741 1951 1810 sanctificatione
1978 1752 2341 1826 portemus,
2370 1740 2619 1807 Christi

423 1845 693 1909 Domini
725 1846 951 1910 nostri.
1039 1844 1176 1928 Qui
1205 1852 1429 1909 tecum
1458 1846 1623 1912 vivit
1639 1843 1713 1912 ¹⁰.
1756 1872 1798 1927 γ

274 1959 396 2017 560
511 1948 710 2014 ·Item
755 1951 1050 2031 sequitur
1087 1948 1268 2013 lectio
1310 1957 1376 2015 et
1410 1949 1901 2031 responsorium.
1987 1949 2154 2013 Inde
2191 1970 2343 2013 vero
2376 1948 2619 2031 legitur

419 2052 653 2119 Passio
711 2052 1005 2119 Domini.
1101 2053 1260 2135 Ipsa
1328 2052 1588 2137 expleta,
1648 2054 1879 2135 incipit
1944 2053 2240 2119 sacerdos
2296 2054 2618 2119 orationes

415 2156 734 2237 solemnes,
764 2178 926 2240 quae
951 2166 1322 2239 sequuntur.

506 2276 808 2355 OremuS,
844 2277 1250 2343 dilectissimi
1299 2276 1509 2355 nobis
1541 2277 1608 2341 in
1647 2278 1875 2360 primis
1913 2298 2037 2363 pro
2076 2278 2349 2345 ecclesia
2385 2288 2615 2343 sancta
2665 2293 2726 2342 R.
2750 2292 2804 2344 S.

359 2392 367 2400 ·
419 2381 550 2447 Dei
581 2392 656 2449 ut
687 2403 834 2447 eam
859 2380 908 2421 ¹¹
938 2382 1126 2447 Deus
1169 2391 1240 2447 et
1280 2381 1607 2447 Dominus
1637 2393 1863 2447 noster
1905 2381 2269 2466 pacificare,
2299 2383 2615 2459 adunare,
2664 2359 2941 2489 ,9ξὲξῇ

419 2495 484 2549 et
535 2486 868 2551 custodire
930 2487 1241 2569 dignetur
1300 2505 1419 2568 per
1485 2487 1858 2550 universum
1917 2485 2147 2550 orbem
2198 2495 2517 2551 terrarum
2543 2484 2615 2568 ¹²,
2665 2489 2799 2541 Men.
2822 2490 2904 2554 ⁶3·

423 2588 752 2655 subiciens
795 2590 856 2655 ei
896 2590 1306 2673 principatus
1351 2600 1421 2656 et
1468 2598 1854 2675 potestates,
1903 2589 2149 2673 detque
2194 2590 2385 2655 nobis
2438 2600 2612 2654 tran-

412 2693 685 2775 quillam
746 2703 816 2758 et
872 2694 1167 2777 quietam
1225 2696 1432 2759 vitam
1490 2694 1891 2777 degentibus
1954 2692 2320 2779 glorificare
2388 2695 2611 2761 Deum

418 2798 682 2861 Patrem
713 2797 1262 2881 omnipotentem.
1351 2798 1656 2863 Oremus.
1701 2824 1743 2880 γ

497 2900 562 2963 Α
569 2903 882 2966 nnuntiat
933 2900 1280 2967 diaconus:
1342 2902 1398 2965 F
1401 2901 1724 2969 lectamus
1782 2922 2021 2986 genua.
2108 2903 2363 2967 Iterum
2408 2902 2609 2970 dicit:

417 3004 670 3069 Levate
689 3004 759 3067 ¹³.

500 3125 942 3209 Omnipotens
994 3126 1391 3209 sempiterne
1440 3126 1642 3201 Deus,
1680 3127 1794 3209 qui
1843 3126 2120 3211 gloriam
2168 3136 2356 3197 tuam
2373 3123 2421 3163 ¹⁴
2463 3145 2607 3190 om·
2658 3146 2720 3198 R.
2745 3146 2796 3197 s.

412 3229 604 3295 nibus
648 3230 715 3295 in
762 3229 1026 3296 Christo
1073 3230 1383 3313 gentibus
1435 3230 1756 3308 revelasti,
1798 3230 2057 3296 custodi
2110 3251 2314 3313 opera
2362 3230 2607 3295 miseri-
2657 3212 2813 3328 ἓξὲξ·
2827 3222 2937 3343 2⁷5⁹4-

410 3333 677 3398 cordiae
705 3344 880 3413 tuae,
910 3342 986 3399 ut
1022 3332 1297 3399 ecclesia
1325 3344 1443 3400 tua
1460 3331 1512 3373 ¹⁶
1559 3343 1706 3398 toto
1746 3334 1909 3399 orbe
1942 3334 2183 3399 diffusa
2212 3333 2432 3399 stabili
2475 3332 2607 3399 fide
2658 3343 2793 3397 Men.
2814 3344 2895 3407 ⁶3-

411 3436 479 3501 in
510 3438 918 3503 consessione
939 3438 993 3479 ¹⁰
1022 3438 1120 3504 tui
1151 3439 1438 3502 nominis
1467 3447 1858 3521 perseveret.
1950 3436 2091 3501 Per.
2132 3464 2174 3519 γ

496 3555 783 3623 Oremus
841 3568 910 3622 et
967 3580 1088 3642 pro
1146 3558 1534 3623 beatissimo
1594 3579 1771 3642 papa
1834 3568 2061 3623 nostro
2080 3556 2135 3597 ¹⁷
2193 3556 2303 3621 Ill.
2357 3568 2426 3623 et
2483 3579 2605 3642 pro
2655 3572 2716 3621 R.
2742 3572 2792 3623 S.

407 3661 705 3725 antistite
738 3672 966 3727 nostro
995 3662 1105 3727 Ill.
1129 3662 1180 3700 ¹⁸
1211 3671 1287 3727 ut
1324 3663 1511 3727 Deus
1556 3663 1979 3745 omnipotens
2024 3661 2136 3744 qui
2172 3661 2374 3746 elegit
2416 3682 2532 3727 eos
2552 3661 2605 3699 ¹⁹
2654 3638 2936 3769 ξξξζξᾼ

407 3763 474 3827 in
513 3765 747 3829 ordine
763 3762 822 3802 ²⁰
861 3766 1284 3848 episcopatus
1327 3766 1547 3831 salvos
1572 3765 1624 3804 ¹⁹
1669 3774 1739 3831 et
1786 3766 2147 3833 incolumes
2172 3763 2227 3803 ¹⁹
2272 3767 2605 3831 custodiat
2656 3770 2789 3821 Men.
2813 3771 2894 3833 63-

406 3867 724 3933 ecclesiae
780 3889 942 3934 suae
1001 3880 1271 3935 sanctae
1329 3870 1416 3934 ad
1492 3872 1853 3955 regendum
1920 3868 2239 3955 populum
2297 3878 2603 3935 sanctum

407 3972 553 4037 Dei.
599 4000 640 4055 y
728 3972 1011 4039 Oremus
1031 3970 1102 4036 ²¹.

489 4077 662 4140 Item
697 4078 1058 4141 annuntiat
1080 4078 1389 4143 diaconus
1417 4088 1494 4143 nt
1517 4088 1735 4162 supra.

493 4198 941 4282 Omnipotens
1015 4201 1416 4284 sempiterne
1483 4200 1688 4276 Deus,
1756 4199 1941 4265 cuius
2014 4208 2285 4265 aeterno
2357 4199 2600 4266 iudicio
2653 4214 2715 4263 R.
2738 4213 2788 4264 S.

404 4304 706 4367 universa
745 4303 1125 4381 fundantur,
1173 4306 1422 4386 respice
1463 4305 1789 4388 propitius
1826 4304 1912 4369 ad
1960 4323 2188 4385 preces
2236 4312 2492 4369 nostras
2532 4314 2601 4370 et
2650 4280 2931 4411 gfss’ssg·

403 4406 648 4474 electos
667 4406 722 4445 ²²
781 4430 823 4473 a
887 4418 956 4473 te
1025 4408 1212 4473 nobis
1269 4409 1599 4475 antistites
1658 4419 1773 4473 tua
1832 4409 2079 4492 pietate
2136 4428 2467 4486 conserva,
2526 4418 2599 4473 ut
2650 4411 2787 4461 Men.
2810 4410 2893 4475 ⁶3·

405 4510 778 4578 Christiana
822 4512 1012 4595 plebs
1061 4533 1232 4594 quae
1283 4513 1529 4578 talibus
1579 4514 1986 4596 gubernatur
2040 4515 2423 4578 auctoribus
2473 4514 2597 4577 sub

401 4624 626 4680 tantos
717 4616 1062 4700 pontifices
1080 4614 1136 4655 ²³
1209 4616 1618 4684 credulitatis
1696 4637 1853 4683 suae
1935 4617 2184 4682 meritis
2256 4626 2594 4701 augeatur.

405 4719 537 4784 Per.
579 4746 621 4801 γ
