3342 5392
459 410 500 462 1.
526 427 603 475 cv,
629 411 752 476 cvi.]
1079 411 1506 468 ROMANAE
1546 411 1657 467 EC
1658 412 2036 470 CLESIAE.
2528 417 2651 489 159

1493 681 1627 739 GV.

799 810 992 874 ITEM
1037 823 1460 876 ORATIONES
1503 825 1610 875 AD
1654 825 1914 877 MISSAS
1958 825 2314 877 mosoma.

541 948 668 1026 Da,
697 968 1114 1031 quaesumus,
1151 948 1458 1027 Domine,
1490 947 1776 1012 famulae
1815 959 1985 1028 tuae,
2015 969 2218 1033 quam
2256 951 2649 1033 virginitatis

452 1051 700 1116 honore
729 1052 1040 1136 dignatus
1079 1073 1150 1116 es
1186 1053 1510 1130 decorare,
1542 1052 1833 1118 inchoati
1865 1055 2083 1136 operis
2117 1063 2646 1118 consummatum

450 1156 798 1233 effectum3
841 1166 908 1220 et
952 1166 1025 1220 ut
1070 1156 1424 1242 perfectam
1470 1157 1592 1220 tibi
1636 1154 1875 1221 offerat
1919 1157 2420 1240 plenitudinem,
2462 1159 2649 1222 initia

451 1280 573 1322 sua
607 1260 965 1344 perducere
996 1270 1324 1325 mereatur
1353 1261 1438 1324 ad
1471 1258 1691 1325 finem.
1781 1260 1927 1324 Per.
1972 1288 2014 1344 γ

302 1447 422 1504 632
1402 1441 1696 1497 Secreta.

540 1553 804 1618 oblatis
850 1552 1104 1631 hostiiS,
1154 1553 1460 1632 Domine,
1508 1573 1926 1636 quaesumus),
1979 1555 2307 1637 praesenti
2366 1553 2648 1619 famulae

451 1668 605 1723 tuae
634 1657 1181 1742 perseverantiam
1225 1665 1582 1739 perpetuae
1613 1657 2004 1740 virginitatis
2048 1659 2482 1723 accommoda
2512 1680 2528 1737 ;
2573 1667 2647 1722 ut

451 1762 696 1844 apertis
736 1761 945 1824 ianuis
987 1760 1230 1825 summi
1270 1760 1476 1843 Regis
1517 1762 1804 1826 adventu
1840 1781 1989 1825 cum
2029 1760 2284 1826 laetitia
2323 1771 2648 1827 mereatur

452 1867 715 1930 intrare.
809 1866 962 1930 Per.
1008 1893 1049 1948 γ

1235 1985 1434 2044 Infra
1475 1984 1837 2043 notionem.

539 2098 734 2162 Hanc
786 2099 988 2180 igitur
1032 2096 1436 2163 oblationem
1487 2098 1775 2162 famulae
1827 2109 1981 2163 tuae
2027 2097 2237 2174 Illius,
2274 2119 2478 2182 quam
2522 2099 2645 2164 tibi

449 2202 642 2267 offert
689 2203 780 2266 ob
829 2202 1006 2266 diem
1049 2201 1287 2266 natalis
1326 2203 1444 2278 sui,
1490 2203 1555 2266 in
1596 2222 1733 2285 quo
1776 2223 1924 2268 eam
1970 2202 2091 2267 tibi
2134 2204 2411 2276 socianS,
2459 2223 2645 2269 sacro

446 2306 773 2371 velamine
815 2314 1164 2388 protegere
1206 2305 1518 2389 dignatus
1558 2326 1646 2384 eS‚
1692 2326 2109 2388 quaesumus,
2152 2306 2459 2382 Domine,
2492 2329 2645 2390 pro-

449 2411 722 2493 pitiatus
751 2409 1106 2487 sanctifica,
1138 2419 1212 2474 ut
1251 2411 1376 2474 tibi
1416 2409 1707 2473 Domino
1750 2429 1829 2472 ac
1879 2408 2145 2492 Sponso
2188 2428 2313 2474 suo
2355 2411 2643 2478 venienti

449 2533 602 2578 cum
635 2513 944 2596 lampade
963 2533 1086 2578 suo
1107 2509 1129 2548 ¹
1153 2514 1642 2597 inextinguibili
1673 2513 1997 2596 placitura
2025 2534 2363 2580 occurrere
2393 2535 2641 2580 merea-

450 2628 577 2683 tur.
667 2617 804 2680 Per.

1294 2701 1789 2760 Pofltoommun.

537 2815 840 2898 Respice,
873 2814 1178 2892 Domine,
1210 2813 1498 2880 famulae
1531 2823 1689 2880 tuae
1729 2813 1849 2880 tibi
1889 2815 2184 2880 debitam
2217 2814 2642 2893 servitutem3

449 2927 523 2981 ut
573 2918 740 2982 inter
789 2917 1118 2983 humanae
1163 2919 1536 3000 fragilitatis
1584 2921 1853 2995 incerta,
1898 2917 2093 2982 nullis
2136 2919 2643 2984 adversitatibus

449 3021 875 3105 opprimatur,
906 3042 1077 3104 quae
1105 3022 1191 3085 de
1221 3031 1337 3087 tua
1371 3023 1782 3106 protectione
1811 3020 2104 3086 confidit.
2193 3021 2333 3085 Per.
2379 3049 2420 3104 γ

890 3166 909 3195 ¹
939 3181 1045 3229 suo,
1066 3183 1123 3217 so
1145 3167 1208 3218 V.
1233 3165 1740 3232 (ungmmmatically,
1763 3183 1819 3216 as
1840 3166 1892 3216 in
1914 3165 1993 3216 cvi
2016 3165 2201 3230 infra).

1456 3434 1630 3492 cvl.

1131 3565 1320 3628 ITEM
1367 3578 1547 3630 ALIA
1594 3577 1951 3632 EIUSDEM.

533 3701 736 3782 Deus,
765 3703 1089 3769 castitatis
1127 3712 1388 3766 amator
1427 3713 1495 3768 et
1537 3703 1985 3768 continentiae
2015 3711 2449 3781 conservator,
2489 3723 2643 3785 sup-

444 3806 868 3890 plicationem
929 3817 1222 3872 nostram
1279 3807 1606 3889 benignus
1665 3807 1929 3886 exaudi,
1981 3816 2049 3871 et
2098 3806 2269 3870 hanc
2325 3805 2641 3871 famulam

443 3919 630 3974 tuam
661 3911 984 3994 propitius
1007 3911 1259 3975 intuere
1284 3935 1300 3987 ;
1345 3921 1414 3974 et
1437 3931 1609 3994 quae
1639 3932 1760 3992 pro
1790 3912 2031 3974 timore
2053 3920 2170 3974 tuo
2194 3912 2641 3977 continentiae

444 4015 832 4096 pudicitiam
877 4014 1062 4079 vovit
1102 4023 1221 4078 tuo
1257 4014 1512 4079 auxilio
1552 4023 1987 4092 conservetur,
2034 4021 2107 4078 ut
2151 4015 2639 4098 sexagesimum

443 4117 724 4183 fructum
754 4118 1199 4183 continentiae
1218 4119 1427 4182 vitam
1459 4127 1816 4196 aeternam,
1840 4128 1909 4182 te
1938 4117 2277 4201 largiente,
2300 4120 2637 4202 percipiat.

447 4222 588 4287 Per.

1389 4304 1681 4360 Secreta.

532 4416 830 4496 Munera,
869 4437 1292 4500 quaesumuS,
1341 4417 1652 4496 Domine,
1698 4416 1987 4481 famulae
2031 4425 2098 4481 et
2143 4428 2441 4481 sacratae
2486 4426 2639 4482 tuae

441 4521 655 4598 Illius,
675 4541 846 4604 quae
875 4523 996 4586 tibi
1026 4524 1114 4587 ob
1145 4524 1636 4586 consecratione
1654 4517 1681 4556 ¹
1712 4521 1811 4584 sui
1841 4520 2131 4602 corporis
2162 4519 2358 4584 offert
2373 4519 2419 4595 ²,
2445 4521 2639 4584 simul

441 4626 525 4688 ad
616 4625 757 4687 eius
847 4626 1108 4690 animae
1191 4624 1493 4690 medela¹
1573 4622 1938 4708 proficiant.
2075 4624 2199 4687 Per
2276 4623 2636 4687 Dominum

441 4737 760 4793 nostrum.

2692 2827 2773 2879 Cf.
2796 2828 2951 2880 Leon.

2694 2907 2809 2958 405.
