3342 5392
311 559 462 611 Gerb.
475 575 528 625 p.
538 574 618 626 35.

307 1129 458 1180 Gerb.
469 1145 520 1194 p.
533 1129 613 1194 36.

301 1901 456 1952 Gerb.

301 1984 385 2034 pp·
414 1967 492 2030 36,
515 1978 594 2031 37·

299 2562 448 2612 Gerb.
466 2579 514 2628 p.
529 2571 606 2626 37.

298 3532 445 3584 Gerb.
459 3551 506 3599 p.
524 3535 602 3598 38.

294 4307 441 4357 Gerb.
459 4325 506 4373 p.
522 4321 599 4373 39.

672 383 801 468 326

1538 393 2001 448 APPENDIX.

831 555 900 616 F
890 559 1012 615 cria
1041 575 1077 614 v
1106 553 1266 632 infra
1301 555 1847 635 Qus'nquagesimam.
1934 559 2039 616 Ad
2060 556 2123 619 S.
2156 558 2458 636 Georgium
2488 559 2696 620 Slalio.

870 669 967 730 Da
1007 690 1063 748 q.
1106 669 1258 730 Dne.
1301 671 1566 732 fidelibus
1606 673 1723 734 tuis
1762 673 1989 733 ieiuniis

872 768 990 828 Fac
1033 785 1144 828 nos
1185 787 1242 846 q.
1283 769 1438 829 Dne.
1482 771 1681 831 salutis
1722 781 1955 832 nostrae

871 867 1160 945 Haecque
1202 885 1312 928 nos
1353 878 1621 947 reparent
1661 867 1862 945 (Haec
1902 887 2053 946 quae
2094 889 2205 932 nos
2246 881 2513 948 reparant
2556 870 2663 949 R.)

871 964 1228 1028 Inclinantes
1270 985 1334 1028 se
1376 965 1528 1028 Dne.
1570 967 1857 1028 maiestati
1905 979 2037 1028 tuae

827 1127 1010 1187 Fer-ia
1045 1129 1114 1186 vi
1139 1128 1304 1207 affra
1339 1129 1892 1206 Qm‘nquagestbmm.
1976 1129 2159 1189 Statio
2186 1131 2270 1188 ad
2296 1127 2408 1190 SS.
2436 1128 2709 1188 Ioannem

1597 1234 1653 1286 et
1673 1229 1945 1288 Paulum.

829 1340 1148 1403 *Inchoata
1189 1343 1402 1402 ieiunia
1441 1361 1497 1421 q.
1539 1342 1694 1402 Dne.
1740 1343 1997 1421 benigno

866 1441 1094 1501 Adiuva
1135 1460 1245 1502 nos
1287 1440 1362 1500 D.
1405 1441 1671 1501 salutaris
1710 1451 1909 1503 noster

872 1538 1162 1616 Praepara
1203 1557 1315 1599 nos
1356 1557 1416 1618 q.
1460 1538 1612 1599 Dne.
1653 1539 1826 1600 huius
1866 1541 2215 1617 praecipuae

867 1635 1093 1697 Tribue
1133 1639 1306 1698 nobis
1346 1656 1404 1698 0.
1443 1637 1522 1698 D.
1561 1649 1624 1698 ut
1665 1639 1827 1698 dona
1866 1639 2132 1698 caelestia

829 1734 1106 1796 *Praesta
1145 1735 1376 1796 famulis
1419 1736 1530 1796 tuis
1577 1734 1732 1796 Dne.
1774 1737 2191 1796 abundantiam

1249 1897 1492 1958 Sabbato
1531 1899 1702 1978 infra
1748 1897 2290 1976 Qra'nquagesimam.

866 2012 1302 2074 observationis
1343 2013 1514 2074 huius
1555 2031 1753 2074 annua
1792 2013 2120 2074 celebritate

865 2110 1092 2171 Adesto
1129 2111 1285 2172 Dne.
1327 2112 1516 2190 suppl.
1559 2113 1773 2172 nostris
1813 2123 1873 2172 et
1914 2112 2027 2173 hoc
2068 2111 2332 2172 solemne

865 2209 1107 2286 Suscipe
1148 2208 1302 2270 Dne.
1346 2210 1689 2269 sacrificium
1731 2209 1900 2270 cuius
1938 2220 1997 2269 te
2039 2209 2267 2268 voluisti

863 2305 1144 2368 Caelestis
1183 2309 1336 2368 vitae
1375 2326 1616 2368 munere
1657 2309 1905 2386 vegetati
1946 2327 2003 2386 q.
2036 2307 2169 2367 Dne

824 2405 1086 2466 *Fideles
1128 2407 1212 2466 tui
1253 2406 1406 2466 Dne.
1447 2425 1552 2484 per
1591 2418 1694 2466 tua
1735 2407 1893 2467 dona

887 2562 967 2621 In
1014 2561 1461 2642 Quadragesima
1499 2566 1584 2623 ad
1618 2563 1684 2625 S.
1724 2563 1993 2636 Ioannem
2034 2566 2117 2624 ad
2148 2562 2481 2644 Lat(eranis
2509 2541 2627 2645 R..)

822 2677 1020 2738 *Deus
1054 2679 1154 2755 qui
1195 2679 1505 2740 ecclesiam
1545 2689 1705 2740 tuam
1746 2698 1944 2740 annua

863 2776 1143 2837 Concede
1184 2778 1356 2838 nobis
1395 2795 1452 2838 0.
1501 2776 1575 2835 D.
1616 2788 1682 2837 ut
1721 2796 1825 2858 per
1864 2796 2063 2837 annua

863 2873 1218 2932 Sacrificium
1259 2872 1414 2934 Dne.
1456 2875 1968 2952 quadragesimalis
2009 2877 2151 2936 initii

824 2970 994 3030 *VD.
1035 2970 1157 3045 Qui
1197 2972 1552 3033 continuatis
1591 2972 1977 3050 quadraginta
2016 2973 2221 3034 diebus

862 3071 981 3130 Tui
1021 3089 1134 3130 nos
1175 3069 1328 3132 Dne.
1371 3073 1720 3131 sacramenti
1763 3071 1961 3132 libatio

861 3169 1046 3247 Super
1085 3163 1366 3248 populum
1408 3182 1572 3230 tuum
1613 3170 1764 3229 Dne.
1808 3189 1866 3248 q.
1908 3171 2237 3231 benedictio

857 3269 966 3328 Ad
1000 3279 1142 3346 vesp.
1224 3268 1322 3330 Da
1363 3270 1536 3330 nobis
1575 3285 1642 3348 q.
1678 3289 1734 3330 o.
1776 3269 1853 3330 D.
1896 3281 1956 3330 et
1996 3281 2266 3330 aeternae

861 3365 1218 3450 [Adfhntes.
1298 3370 1518 3430 Adesto
1559 3388 1618 3448 q.
1662 3369 1815 3430 Dne.
1860 3369 2397 3453 supplicationibus]

883 3527 1064 3587 Fert'a
1104 3530 1158 3586 1⁰1⁹
1189 3529 1272 3587 ad
1285 3526 1368 3614 S.
1407 3528 1644 3587 Petrum
1686 3529 1769 3586 ad
1818 3527 2049 3586 Vincula
2075 3526 2177 3608 (R.
2216 3529 2363 3588 adds
2404 3527 2513 3588 Eb.
2554 3525 2623 3606 ι).

859 3643 1146 3704 Converte
1189 3662 1299 3704 nos
1339 3642 1414 3702 D.
1457 3645 1722 3704 salutar-Is
1764 3654 1961 3704 noster
2000 3655 2060 3703 et
2100 3654 2163 3703 ut
2204 3645 2375 3704 nobis

857 3742 1166 3802 Sanctifica
1206 3742 1360 3803 Dne.
1403 3762 1459 3820 q.
1503 3753 1702 3802 nostra
1741 3743 1954 3803 ieiunia

857 3840 1122 3919 Accepta
1161 3841 1262 3900 tibi
1303 3842 1374 3900 sit
1415 3840 1568 3900 Dne.
1611 3852 1844 3902 nostrae
1886 3842 2211 3902 devotionis

859 3935 1060 4020 [*VD.
1104 3939 1225 4014 Qui
1265 3940 1373 3999 das
1414 3958 1611 4000 escam
1652 3942 1813 4000 omni
1854 3937 2055 4022 carne]

860 4039 1138 4098 Salutaris
1177 4039 1258 4096 tui
1299 4037 1450 4097 Dne.
1491 4057 1735 4098 munere
1776 4040 1964 4099 satiati

855 4137 1002 4196 Esto
1042 4136 1195 4196 Dne.
1237 4138 1519 4214 propitius
1561 4138 1719 4216 plebi
1760 4148 1891 4197 tuae

1018 4294 1200 4354 Feria
1239 4297 1317 4355 iii
1348 4296 1429 4356 ad
1465 4294 1530 4356 S.
1574 4295 1946 4358 Anastasiam
1974 4293 2075 4374 (R.
2105 4295 2251 4354 adds
2283 4294 2392 4353 Eb.
2424 4294 2497 4374 τ’).

857 4411 1110 4489 Respice
1144 4412 1297 4470 Dne.
1336 4411 1615 4471 familiam
1657 4421 1819 4470 tuam
1861 4421 1921 4470 et
1960 4419 2189 4488 praesta

852 4511 1068 4572 Pacem
1111 4511 1280 4570 nobis
1322 4511 1507 4570 tribue
1550 4511 1705 4569 Dne.
1748 4529 1804 4587 q.
1846 4510 2057 4568 mentis
2097 4522 2156 4569 et
2197 4509 2459 4586 corporis

854 4610 1080 4670 Oblatis
1121 4628 1177 4688 q.
1221 4609 1370 4670 Dne.
1415 4609 1650 4687 placare
1691 4609 2027 4669 muneribus

855 4705 1052 4789 [ΛΤΒ.
1095 4709 1168 4768 In
1209 4726 1329 4788 quo
1373 4703 1779 4786 ieiunantium]
