3342 5392
445 409 487 458 1.
511 409 669 476 mim]
1066 410 1493 467 ROMANAE
1534 410 2024 466 EchESJAE.
2506 423 2640 489 -143

443 575 726 658 purgati,
757 573 1232 657 indulgentiam
1268 575 1564 640 omnium
1609 574 2002 640 delictorum
2029 584 2152 641 tuo
2192 595 2457 640 munere
2487 597 2642 643 con-

442 686 818 761 sequantur.
910 676 1050 742 Per.
1079 703 1123 760 γ

531 796 974 882 Omnipotens
1018 799 1413 881 sempiterne
1450 800 1652 874 Deus,
1682 799 1829 864 fons
1874 800 2172 865 omnium
2217 800 2537 865 virtutum
2574 808 2643 865 et
2691 807 2822 872 Egb.
2846 819 2927 870 53·

442 901 788 986 plenitudo
851 902 1232 986 gratiarum,
1292 902 1565 984 dignare
1637 903 1872 966 eadem
1896 901 1922 941 ²
1994 923 2186 968 sacro
2257 902 2641 988 baptismati
2690 873 2847 1003 goe-rb.
2869 873 2925 924 fi

444 1003 875 1090 praeparata²
923 1006 1289 1070 maiestatis
1335 1016 1490 1072 tuae
1537 1007 1909 1090 praesentia
1959 1027 2359 1085 consecrare,
2408 1017 2480 1071 ut
2526 1009 2641 1090 qui

443 1109 688 1193 ubique
731 1117 914 1175 totus
957 1129 1030 1172 es
1053 1108 1098 1188 ³,
1141 1110 1344 1174 etiam
1388 1110 1496 1175 hic
1539 1110 1770 1174 adesse
1813 1120 1884 1176 te
1928 1111 1996 1174 in
2042 1112 2287 1176 nostris
2339 1112 2642 1196 precibus

443 1214 825 1278 sentiamus.
915 1212 1056 1277 Per.

1395 1272 1693 1330 Secreta.

532 1383 828 1469 Suscipe‚
867 1404 1286 1468 quaesumus,
1336 1385 1643 1464 Domine,
1681 1405 1904 1470 preces
1952 1393 2215 1451 nostras
2261 1407 2413 1452 cum
2457 1385 2644 1451 obla·
2692 1391 2821 1457 Egb.
2850 1405 2931 1456 53·

445 1487 737 1553 tionibus
783 1489 1315 1572 supplicantum:
1361 1499 1430 1553 et
1475 1490 1764 1556 concede
1811 1489 2153 1574 propitius,
2197 1499 2273 1554 ut
2317 1489 2642 1573 quidquid

445 1592 554 1658 hic
598 1612 849 1656 novum
901 1593 1325 1678 regenerandi
1369 1613 1487 1677 per
1535 1593 1862 1677 Spiritum
1910 1603 2213 1661 sanctum
2258 1594 2643 1678 acceperint,

445 1706 562 1762 tua
591 1697 807 1781 gratia
835 1695 952 1761 fiat
980 1706 1340 1761 aeternum.
1429 1696 1570 1761 Per.

533 1816 689 1882 VD.
738 1818 865 1881 Per
896 1814 1236 1882 Christum
1270 1817 1638 1881 Dominum
1667 1827 1985 1883 nostrum.
2065 1818 2191 1882 Per
2219 1837 2418 1901 quem
2450 1818 2643 1882 nobis

447 1919 958 2002 regenerationis
991 1929 1267 1984 exortus
1300 1930 1403 1985 est
1425 1918 1473 1995 ⁴,
1509 1929 1586 1984 ut
1629 1920 1744 2002 qui
1788 1939 1906 2004 per
1946 1919 2273 1986 carnalem
2319 1919 2642 2003 originem

447 2023 758 2088 mortales
787 2023 855 2087 in
879 2023 1006 2089 hoc
1029 2022 1331 2088 saeculo⁵
1360 2043 1767 2100 veneramuS‚
1800 2026 1886 2089 ad
1915 2043 2104 2107 spem
2134 2024 2311 2088 vitae
2339 2033 2644 2088 aeternae

445 2147 536 2190 ex
593 2148 769 2212 aqua
825 2135 894 2191 et
955 2127 1208 2212 Spiritu
1266 2135 1500 2192 sancto
1554 2147 2057 2192 renasceremur.
2170 2127 2375 2210 Quod
2424 2147 2643 2194 sacra-

447 2240 744 2296 mentum
791 2231 1060 2314 pietatis
1103 2240 1276 2308 tuae,
1308 2231 1617 2306 Domine,
1639 2241 1713 2295 ut
1755 2225 1943 2320 [hoc]
1968 2228 1995 2269 ⁶
2026 2230 2175 2297 loco
2205 2238 2352 2297 tota
2386 2231 2641 2314 gratiae

444 2345 598 2400 tuae
671 2335 967 2418 potentia
1024 2332 1404 2412 celebretur,
1463 2334 1791 2419 supplices
1847 2335 1973 2400 tibi
2047 2334 2174 2400 hoc
2252 2332 2641 2400 sacrificium

447 2437 662 2502 laudis
705 2439 1061 2516 offerimuS,
1091 2440 1512 2505 obsecrantes
1556 2439 2074 2505 misericordiam
2120 2447 2329 2514 tuam,
2374 2447 2450 2502 ut
2491 2436 2642 2504 huic

446 2543 614 2607 fonti
672 2543 986 2608 virtutem
1049 2541 1336 2626 Spiritus
1394 2543 1493 2607 tui
1552 2543 1996 2607 indesinenter
2053 2542 2423 2626 praesidere
2482 2562 2639 2607 con-

445 2647 641 2712 cedas
662 2670 679 2725 ;
725 2667 858 2731 quo
886 2655 1218 2731 operante,
1243 2666 1472 2711 omnes
1494 2647 1608 2731 qui
1633 2647 1703 2711 in
1726 2646 1889 2714 haec
1907 2645 2150 2712 fluenta
2172 2645 2643 2721 descenderint,

445 2751 532 2814 ab
576 2751 1026 2814 universorum
1072 2750 1418 2817 criminum
1459 2750 1787 2834 contagiis
1830 2751 2189 2829 emundati,
2218 2761 2285 2815 et
2326 2757 2645 2833 perpetua

447 2852 965 2920 sanctificatione
997 2854 1279 2939 purgati,
1311 2853 1480 2918 libro
1512 2855 1745 2919 beatae
1776 2855 1950 2919 vitae
1981 2864 2352 2918 mereantur
2382 2853 2641 2919 ascribi.

447 2957 587 3021 Per‘
1251 3015 1446 3072 Iun-a
1471 3015 1829 3074 actionem.

533 3129 730 3196 Hanc
778 3129 976 3214 igitur
1020 3129 1445 3208 oblationem,
1494 3149 1699 3214 quarn
1745 3130 1867 3195 tibi
1927 3128 2263 3194 offerimus
2322 3129 2387 3192 in
2446 3128 2643 3192 huius

448 3236 938 3301 consecratione
1009 3234 1399 3318 baptisterii,
1472 3252 1887 3317 quaesumus,
1963 3233 2269 3312 Domine,
2342 3231 2641 3315 placatus

449 3338 732 3423 accipias
757 3361 773 3417 ;
817 3347 886 3402 et
915 3347 1033 3402 tua
1070 3339 1318 3421 pietate
1359 3339 1702 3412 concedaS,
1735 3346 1811 3402 ut
1844 3357 2300 3421 quoscumque
2336 3336 2484 3400 fons
2517 3337 2641 3401 iste

448 3442 785 3507 lavaturus
841 3450 959 3521 est,
1016 3443 1314 3506 omnium
1388 3441 1732 3507 criminum
1802 3440 2167 3506 abolitione
2239 3449 2637 3524 purgentur3

299 3553 420 3610 619
448 3557 650 3631 atque
705 3545 967 3610 famulis
1026 3546 1164 3611 tuis
1221 3545 1679 3610 conditoribus
1740 3546 2107 3610 mercedem
2168 3545 2365 3609 tan-ti
2424 3544 2641 3626 operis

447 3649 812 3733 promissae
864 3649 1308 3716 retributionis
1358 3649 1718 3732 impendas.
1760 3715 1765 3722 ,
1826 3648 2053 3734 Quam
2102 3648 2505 3714 oblationem
2565 3657 2640 3713 tu

447 3754 649 3820 Deus'
1287 3812 1793 3868 postcommun.

536 3924 928 4010 Multiplica,
954 3925 1265 4004 Domine,
1287 3924 1819 3991 benedictionem
1841 3934 2048 4003 tuam,
2072 3933 2142 3988 et
2171 3945 2290 4009 per
2318 3922 2639 4006 Spiritum
2690 3945 2821 4011 Egb.
2846 3960 2928 4010 53·

444 4031 545 4096 tui
597 4027 927 4094 muneris⁷
989 4027 1190 4093 fidem
1251 4038 1544 4094 nostram
1605 4030 2001 4108 corrobora3
2066 4036 2142 4093 ut
2193 4028 2306 4111 qui
2358 4029 2425 4092 in
2476 4027 2639 4093 haec
2688 4013 2965 4128 {353⁵

445 4132 690 4199 fluenta
718 4131 1233 4208 descenderint⁸‚
1261 4152 1380 4198 eos
1423 4133 1490 4196 in
1535 4132 1707 4197 libro
1743 4134 1924 4198 vitae
1967 4133 2205 4198 ascribi
2244 4130 2470 4196 iubeas
2488 4131 2533 4208 ⁹,
2571 4131 2637 4196 in
2690 4159 2771 4209 59·

445 4258 646 4320 regno
676 4236 800 4302 tibi
835 4236 985 4302 Deo
1016 4237 1197 4302 Patri
1229 4238 1296 4300 in
1327 4239 1798 4302 resurrectione
1826 4237 2204 4302 tradendos
2298 4237 2438 4299 Per.
2468 4263 2510 4317 γ

1286 4399 1400 4456 Ad
1426 4399 1790 4469 Populum.

533 4512 916 4596 Propitiare,
947 4512 1254 4587 Domine,
1281 4511 1570 4578 familiae
1589 4521 1761 4590 tuae,
1792 4521 1859 4577 et
1892 4510 2215 4595 benignus
2246 4510 2638 4577 humilitatis
2688 4522 2816 4588 Egb.
2842 4537 2923 4602 54.

445 4627 710 4682 nostrae
751 4627 912 4682 vota
955 4616 1339 4694 sanctifica3
1385 4625 1452 4681 et
1476 4614 1533 4655 ¹⁰
1591 4637 1826 4683 omnes
1870 4618 1939 4680 in
1985 4614 2111 4681 hoc
2159 4614 2339 4680 fonte
2375 4635 2638 4698 regene-
2688 4589 2842 4719 59fb⁸
2864 4590 2920 4640 ii

447 4722 684 4785 randos
714 4720 1062 4785 universali
1091 4721 1455 4805 adoptione
1484 4722 1761 4787 custodi.
1852 4721 1995 4784 Per.
