3342 5392
384 1911 449 1962 cf.
475 1913 611 1964 Pam.

381 1977 496 2042 465.

383 2044 447 2094 cs.
473 2044 607 2096 Men.

387 2123 496 2173 ²34

385 3664 537 3714 Gerb.
563 3663 674 3726 306.

383 3729 443 3778 cf.
469 3728 605 3779 Saer.

385 3794 522 3844 Gall.
547 3807 662 3859 953.

383 3859 446 3909 cs.
473 3861 648 3909 Drum.

385 3925 525 3976 Miss.
558 3937 601 3976 1.

761 391 889 458 286
1332 401 1589 456 LIBER
1630 401 1737 458 SA
1746 399 1899 458 CRA
1907 402 2407 460 MENTORUM
2644 401 2765 466 [111.
2794 403 2959 452 lxxvi.

755 566 986 632 sancti.
1079 565 1316 632 Omnis
1367 567 1574 631 virtus
1631 569 2008 644 adversarii,
2068 568 2285 632 omnis
2346 567 2629 633 incursio
2686 563 2961 640 diaboli,

757 691 957 735 omne
1001 669 1414 754 phantasma,
1461 665 1763 758 [omnem
1806 672 2053 736 inimici
2098 681 2499 756 potestatem
2518 667 2575 758 ²]
2620 672 2961 736 eradicare

757 785 827 840 et
884 774 1178 856 effugare
1235 775 1322 838 ab
1379 773 1506 840 hac
1557 787 1859 842 creatura
1914 795 2149 860 aquae.
2240 776 2443 842 Unde
2502 775 2810 841 exorcizo
2867 783 2961 850 te,

755 888 1056 943 creatura
1099 898 1330 962 aquae,
1363 899 1482 961 per
1513 878 1735 944 Deum
1776 899 2005 944 verum
2050 887 2122 945 et
2164 899 2281 964 per
2314 881 2533 945 Deum
2562 879 2803 951 vivum,
2836 897 2961 961 per

755 980 979 1047 Deum
1011 991 1334 1059 sanctum,
1365 991 1435 1046 et
1461 1002 1580 1064 per
1611 983 1975 1047 Dominum
2007 993 2305 1048 nostrum
2338 983 2561 1047 Iesum
2593 981 2961 1059 Christum,

755 1095 830 1149 ut
878 1083 1180 1150 efficiaris
1237 1106 1414 1168 aqua
1469 1095 1717 1164 sancta,
1763 1107 1939 1170 aqua
1994 1086 2364 1164 benedicta,
2412 1096 2487 1151 ut
2552 1085 2957 1168 ubicumque

753 1188 962 1253 effusa
991 1188 1211 1267 sueriS,
1242 1189 1349 1253 vel
1379 1209 1664 1273 aspersa,
1695 1191 1833 1254 sive
1875 1191 1942 1254 in
1972 1190 2195 1268 domo,
2224 1189 2363 1255 sive
2394 1191 2460 1254 in
2488 1209 2670 1272 agro,
2700 1188 2957 1273 effuges

749 1312 1016 1356 ornnem
1059 1292 1497 1376 phantasiam,
1540 1313 1811 1357 omnem
1864 1294 2106 1358 inimici
2154 1303 2598 1379 potestatem:
2660 1291 2953 1376 Spiritus

749 1406 1014 1461 sanctus
1070 1395 1330 1461 habitet
1389 1397 1456 1460 in
1515 1397 1722 1461 domo
1784 1398 1927 1463 hac.
2020 1397 2147 1462 Per
2204 1397 2572 1462 Dominum
2652 1405 2953 1460 nostrum

751 1501 974 1565 Iesum
1007 1499 1362 1574 Christum,
1380 1500 1492 1584 qui
1523 1509 1837 1565 venturus
1866 1511 1969 1565 est
1998 1501 2287 1566 iudicare
2314 1501 2501 1566 vivos
2531 1509 2601 1565 et
2632 1509 2953 1578 mortuos,

745 1615 813 1669 et
843 1603 1177 1670 saeculum
1210 1625 1328 1688 per
1358 1605 1599 1689 ignem.

1267 1787 1439 1850 Item
1467 1786 1566 1849 ad
1587 1795 2003 1868 consparsum
2016 1785 2427 1869 faciendum.

839 1906 1108 1972 Exaudi
1157 1928 1295 1984 nos,
1337 1906 1627 1972 Domine
1669 1917 1917 1983 sancte,
1967 1907 2166 1972 Pater
2208 1908 2645 1990 omnipotenS,
2680 1916 2948 1971 aeterne

749 2010 950 2090 DeuS,
981 2021 1050 2076 et
1095 2010 1360 2076 mittere
1404 2011 1677 2095 dignare
1722 2009 2031 2093 angelum
2060 2019 2251 2075 tuum
2281 2021 2585 2076 sanctum
2614 2011 2701 2075 de
2730 2008 2951 2084 caeliS,

745 2117 860 2198 qui
904 2116 1258 2193 custodiat,
1303 2115 1542 2191 foveat,
1586 2123 1919 2199 protegat,
1957 2115 2202 2194 visitet,
2248 2124 2316 2180 et
2360 2115 2669 2181 defendat
2712 2135 2949 2179 omnes

746 2219 1124 2284 habitantes
1180 2219 1249 2283 in
1309 2219 1480 2286 hanc
1553 2217 2005 2284 habitaculum
2078 2219 2307 2284 famuli
2365 2219 2464 2283 tui
2520 2219 2716 2284 Illius
2736 2219 2802 2283 ³:
2875 2231 2949 2286 et

746 2331 1030 2406 praesta,
1060 2344 1481 2408 quaesumus,
1505 2333 1580 2388 ut
1609 2321 2045 2388 sanctificatio
2074 2323 2163 2388 sit
2191 2323 2421 2387 domui
2452 2323 2649 2387 huius
2678 2321 2946 2388 noster4

747 2428 1075 2493 introitus.
1198 2428 1426 2494 Donet
1491 2428 1746 2492 cunctis
1804 2427 1979 2490 intra
2044 2446 2195 2491 eum
2254 2425 2485 2490 habitu
2543 2427 2949 2492 constitutos

747 2531 1116 2596 divinarum
1184 2531 1596 2596 beatitudine
1678 2531 2072 2614 largitatem,
2146 2529 2433 2594 dominis
2504 2550 2584 2595 ac
2660 2528 2949 2595 familiae

746 2635 1286 2718 gubernaculum,
1331 2637 1418 2700 ad
1478 2635 1979 2702 custodiendam
2036 2634 2485 2698 obedientiam
2544 2644 2615 2699 et
2672 2634 2949 2718 irrepre-

745 2738 1134 2802 hensibilem
1195 2737 1636 2822 disciplinam,
1686 2737 2042 2802 infantibus
2088 2739 2303 2802 bonae
2356 2737 2596 2803 indolis
2644 2740 2948 2822 gratiam,

746 2841 994 2907 adultis
1081 2841 1574 2908 immaculatam
1661 2841 2199 2918 adolescentiam,
2292 2841 2559 2906 senibus
2646 2851 2947 2906 sanctam

746 2947 956 3012 seriae
998 2947 1509 3011 conversationis
1553 2955 1860 3025 aetatem,
1898 2946 2342 3027 omnibusque
2382 2944 2653 3028 longam
2698 2967 2775 3012 ac
2820 2946 2948 3010 sibi

745 3050 1058 3135 placitam
1089 3059 1538 3116 senectutem:
1584 3059 1650 3114 et
1692 3051 1784 3114 ita
1812 3049 2376 3133 patrocinantibus
2406 3049 2651 3115 sanctis
2678 3051 2947 3133 perenni

745 3155 976 3220 domui
1035 3154 1188 3218 huic
1246 3154 1729 3219 beatitudinem
1804 3162 2113 3236 praestet,
2178 3164 2251 3218 ut
2319 3153 2453 3236 iugi
2527 3175 2725 3237 super
2796 3175 2949 3218 eam

745 3259 1086 3342 angelicae
1147 3259 1581 3341 protectionis
1647 3258 1955 3323 custodia
2027 3269 2421 3341 perseveret.
2514 3257 2639 3322 Per
2708 3259 2946 3322 Domi-

747 3383 927 3427 num.
971 3389 1013 3444 γ

833 3481 1000 3547 Post
1022 3482 1176 3546 haec
1209 3481 1528 3548 benedicet
1549 3482 1670 3557 sal,
1702 3491 1772 3546 et
1796 3479 1961 3546 dicit

835 3586 1166 3651 Exorcizo
1209 3596 1294 3665 te,
1331 3595 1630 3652 creatura
1673 3584 1849 3662 saliS‚
1880 3587 1945 3649 in
1992 3586 2261 3650 nomine
2306 3585 2519 3651 Patris
2564 3591 2645 3650 et'
2680 3585 2830 3650 Filii
2874 3597 2945 3652 et

749 3688 1035 3772 Spiritus
1069 3688 1296 3768 sancti,
1325 3691 1438 3771 qui
1470 3700 1542 3755 te
1585 3709 1705 3772 per
1735 3688 2081 3753 Heliseum
2128 3691 2195 3753 in
2239 3709 2417 3773 aqua
2446 3689 2621 3756 mitti
2654 3691 2841 3754 iussit
2871 3699 2947 3755 ut

745 3803 1086 3858 sanaretur
1129 3793 1441 3858 sterilitas
1461 3791 1526 3870 ⁶3
1569 3793 1684 3875 qui
1724 3793 1930 3858 divini
1953 3792 1980 3831 ⁰
2028 3794 2159 3857 oris
2202 3793 2301 3858 sui
2352 3813 2517 3858 voce
2560 3793 2895 3877 discipulis
2919 3791 2943 3830 ⁷

745 3897 858 3972 ait,
887 3897 1030 3961 Vos
1072 3897 1232 3961 estis
1282 3897 1381 3960 sal
1433 3905 1690 3975 terrae3
1736 3906 1805 3961 et
1850 3916 2012 3979 per·
2058 3897 2437 3980 apostolum
2484 3898 2701 3981 inquit
2720 3897 2764 3975 ⁸,
2810 3897 2945 3962 Cor
3002 3907 3131 3962 740

745 4011 1038 4066 vestrum
1083 4001 1223 4065 sale
1265 4001 1353 4064 sit
1397 3998 1739 4065 conditum
1759 3999 1800 4065 ⁹.
1892 4001 2187 4083 Ideoque
2218 3999 2516 4066 efficiaris
2540 3999 2593 4040 ¹⁰
2621 3999 2720 4066 sal
2750 4021 2943 4065 exor-

744 4105 1047 4182 cizatum,
1079 4115 1154 4170 ut
1197 4124 1428 4169 omnes
1459 4105 1574 4186 qui
1595 4103 1645 4140 ¹¹
1676 4114 1746 4168 te
1790 4107 2188 4188 sumpserint
2216 4105 2304 4170 sis
2342 4107 2439 4170 eis
2478 4105 2738 4170 animae
2768 4115 2945 4170 tuta-

747 4218 1067 4286 mentum,
1119 4217 1322 4292 atque
1379 4207 1533 4272 huic
1578 4207 1807 4271 domui
1864 4203 2221 4296 [protectio
2241 4207 2321 4290 1²]
2376 4209 2442 4271 in
2487 4209 2871 4273 remissione
2890 4207 2945 4246 ¹³

744 4323 1187 4397 peccatorum,
1219 4313 1282 4376 in
1327 4313 1612 4376 sanitate
1633 4311 1686 4349 ¹³
1718 4313 1979 4390 mentis,
2026 4313 2093 4375 in
2140 4314 2554 4395 protectione
2571 4311 2626 4351 ¹³
2668 4314 2946 4389 animae,

747 4426 818 4482 et
855 4415 1358 4481 confirmatione
1376 4415 1431 4454 ¹³
1474 4415 1725 4492 salutiS,
1768 4418 1857 4481 ad
1903 4415 2332 4499 expellendas
2376 4427 2449 4482 et
2492 4416 2943 4481 excludendas

745 4540 980 4584 omnes
1023 4521 1425 4586 daemonum
1471 4521 1890 4597 tentationes,
1928 4520 1995 4582 in
2020 4520 2291 4584 nomine
2322 4520 2451 4585 Dei
2487 4520 2701 4585 Patris
2730 4521 2943 4586 omni-

746 4624 1051 4707 potentiS,
1080 4632 1150 4688 et
1195 4623 1348 4688 Iesu
1399 4621 1644 4688 Christi
1688 4622 1838 4688 Filii
1886 4620 2121 4701 eius14,
2150 4624 2265 4707 qui
2296 4634 2609 4690 venturus
2642 4634 2742 4690 est
2772 4623 2943 4686 iudi-

745 4747 896 4792 care
914 4727 968 4766 ¹⁵
997 4727 1332 4794 saeculum
1365 4744 1482 4811 per
1511 4727 1752 4812 ignem.
1844 4727 1983 4792 Per.
2018 4725 2074 4766 ¹⁶
