3342 5392
487 427 529 477 1.
552 428 760 495 xxxa]
1107 432 1534 489 ROMANAE
1573 434 2065 493 ECCLESJAE.
2596 430 2681 511 65

485 596 865 680 integritate
910 598 1205 665 deviarat
1224 596 1277 635 ῃ
1325 602 1686 684 peccand0,
1729 600 2169 666 admissorum
2215 600 2479 666 veniam
2522 622 2683 668 con·

483 702 842 785 sequendo,
871 703 1187 768 reddatur
1214 704 1550 769 innoxius.
1639 706 1768 769 Per
1798 706 2191 769 Dominum.
2220 730 2263 787 γ

572 821 762 887 Deus
817 823 1093 889 humani
1149 824 1408 908 generis
1465 825 1775 892 eonditor
1830 833 1900 890 et
1957 824 2424 909 benignissime
2478 826 2681 891 refor-
2733 838 2785 889 S.

485 935 704 991 mator
717 925 791 1007 2⁸,
848 928 964 1011 qui
1031 926 1371 993 hominem
1435 928 1681 994 invidia
1739 928 1987 994 diaboli
2056 930 2147 993 ab
2215 930 2609 996 aeternitate
2626 928 2683 969 ²⁴
2734 904 2885 955 Geth.
2906 913 2985 967 ⁷⁰·

482 1031 816 1097 deiectum
847 1030 1021 1096 unici
1053 1032 1207 1096 Filii
1229 1030 1286 1072 ²⁶
1313 1032 1412 1098 tui
1443 1032 1765 1116 sanguine
1786 1032 2142 1109 redemisti,
2171 1032 2435 1097 vivifica
2458 1034 2685 1117 itaque

483 1156 686 1218 quem
709 1134 764 1175 ²⁸
812 1135 935 1201 tibi
983 1134 1356 1201 nullatenus
1403 1136 1571 1201 mori
1617 1135 1972 1214 desidem,
2025 1145 2094 1201 et
2143 1136 2260 1220 qui
2309 1156 2445 1201 non
2495 1137 2687 1203 dere·-

482 1236 1019 1320 linquis'devium
1043 1236 1118 1313 ²⁷,
1147 1260 1414 1305 assume
1451 1248 1815 1305 correctum
1838 1236 1911 1305 ²⁸.
1999 1240 2320 1306 Moveant
2361 1242 2681 1325 pietatem

479 1352 688 1418 tuam,
719 1362 1135 1426 quaesumuS,
1166 1343 1474 1420 Domine,
1503 1342 1699 1408 huius
1742 1342 1971 1408 famuli
2015 1344 2114 1408 tui
2152 1343 2499 1409 lacrimosa
2542 1365 2683 1408 sus-

480 1446 668 1530 piria.
755 1445 863 1511 Tu
921 1447 1063 1511 eius
1124 1447 1392 1511 medere
1449 1446 1849 1513 vulneribus.
1936 1447 2043 1511 Tu
2103 1445 2341 1513 iacenti
2409 1468 2681 1513 manum

480 1549 746 1633 porrige
788 1548 1161 1629 salutarem,
1190 1571 1275 1615 ne
1310 1550 1584 1617 ecclesia
1623 1559 1739 1616 tua
1774 1549 1998 1635 aliqua
2042 1551 2143 1615 sui
2188 1553 2483 1635 corporis
2527 1573 2681 1636 por-

479 1653 668 1720 tione
707 1662 1022 1732 vastetur,
1055 1674 1140 1719 ne
1182 1675 1353 1740 grex
1394 1664 1548 1721 tuus
1588 1654 2060 1720 detrimentum
2101 1654 2441 1734 sustineat,
2473 1676 2558 1720 ne
2596 1656 2685 1722 de

481 1756 770 1823 familiae
812 1765 969 1824 tuae
1010 1760 1260 1823 damno
1304 1760 1600 1825 inimicus
1644 1759 1922 1837 exultet,
1958 1778 2042 1823 ne
2077 1767 2375 1824 renatum
2420 1758 2685 1825 lavacro

482 1860 754 1926 salutari
784 1881 962 1926 mors
991 1861 1281 1927 secunda
1324 1862 1684 1947 possideat.
1773 1861 1930 1927 Tibi
1966 1881 2143 1944 ergo,
2177 1861 2485 1942 Domine,
2519 1884 2681 1947 sup-

341 1974 455 2030 551
486 1963 689 2049 plices
720 1995 745 2021 ·
776 1986 1004 2049 preces
1027 1963 1096 2042 ²⁹,
1136 1966 1260 2031 tibi
1301 1966 1531 2031 fletum
1575 1966 1789 2031 cordis
1832 1965 2250 2029 effundimus
2338 1966 2447 2030 Tu
2484 1986 2682 2051 parce

484 2068 824 2134 confitenti
855 2078 929 2133 ut
973 2070 1042 2133 in
1082 2068 1504 2135 imminentes
1547 2089 1796 2153 poenas
1836 2068 2367 2152 sententiamque
2384 2068 2440 2108 ³⁰
2483 2070 2683 2136 futuri

483 2172 726 2251 iudicii,
769 2182 840 2238 te
884 2172 1255 2254 miserante,
1287 2194 1422 2240 non
1465 2172 1734 2238 incidat.
1828 2172 2097 2238 Nesciat
2142 2174 2323 2257 quod
2370 2184 2571 2239 terret
2615 2175 2685 2241 in

483 2276 788 2353 tenebris,
829 2278 1010 2360 quod
1050 2278 1285 2343 stridet
1333 2277 1400 2341 in
1445 2276 1751 2353 flammi3‚
1796 2286 1995 2361 atque
2038 2277 2125 2341 ab
2170 2278 2404 2342 erroris
2446 2279 2556 2345 via
2595 2278 2684 2343 ad

484 2380 611 2444 iter
651 2400 950 2446 reversus
993 2381 1281 2447 iustitiae
1321 2400 1741 2465 nequaquam
1788 2381 1961 2446 ultra
2004 2380 2189 2447 novis
2207 2378 2261 2419 ³¹
2304 2380 2687 2448 vulneribus

483 2484 827 2564 saucietur,
879 2485 995 2551 sed
1045 2486 1376 2569 integrum
1424 2486 1512 2550 sit
1559 2485 1620 2549 ei
1668 2493 1870 2568 atque
1925 2494 2323 2569 perpetuum
2383 2494 2453 2551 et
2505 2488 2685 2572 quod

484 2589 700 2671 gratia
730 2596 848 2654 tua
876 2588 1155 2654 contulit
1190 2597 1258 2655 et
1287 2590 1467 2674 quod
1500 2588 1947 2655 misericordia
1976 2586 2376 2654 reformavit.
2440 2590 2583 2655 Per.
2616 2618 2658 2674 y

882 2726 1054 2791 Item
1081 2726 1177 2791 ad
1197 2727 1742 2793 reconciliandum
1756 2728 2189 2810 poenitentem
2216 2726 2297 2791 ³².

573 2830 1020 2914 Omnipotens
1049 2831 1450 2914 sempiterne
1481 2832 1688 2909 DeuS,
1719 2830 2061 2896 confitenti
2100 2832 2222 2896 tibi
2253 2831 2407 2896 huic
2437 2832 2686 2898 famulo
2734 2844 2785 2894 S.

489 2944 608 2998 tuo
652 2955 774 3018 pro
816 2943 932 3001 tua
977 2936 1226 3018 pietate
1269 2946 1548 3018 peccata
1590 2935 1839 3010 relaxa,
1871 2944 1947 3000 ut
1990 2955 2124 3000 non
2156 2935 2307 3019 plus
2343 2937 2403 3000 ei
2450 2946 2687 3003 noceat
2734 2908 2885 2959 θεὼ·
2907 2918 2981 2971 ⁷⁰·

487 3038 923 3103 conscientiae
997 3047 1214 3104 reatus
1273 3040 1359 3103 ad
1424 3058 1707 3123 poenam
1771 3059 1975 3122 quam
2048 3038 2459 3123 indulgentia
2526 3048 2686 3107 tuae

489 3141 752 3225 pietatis
781 3143 866 3207 ad
893 3143 1174 3210 veniam.
1266 3144 1392 3206 Per
1424 3143 1811 3207 Dominum.

576 3262 1016 3345 Omnipotens
1061 3271 1130 3328 et
1169 3264 1538 3329 misericors
1582 3265 1790 3343 Deus,
1835 3262 1949 3346 qui
1996 3272 2419 3345 peccatorum
2464 3262 2681 3328 indul·
2732 3274 2785 3325 S.

486 3366 784 3448 gentiam
841 3366 906 3431 in
964 3366 1445 3433 confessione33
1504 3365 1694 3432 celeri
1754 3366 2049 3451 posuisti,
2100 3386 2403 3431 succurre
2461 3367 2683 3451 lapsiS,
2734 3340 2886 3390 Gerb.
2912 3350 2992 3403 ⁷⁰·

489 3471 796 3535 miserere
839 3472 1168 3550 confessis„
1217 3482 1294 3538 ut
1340 3491 1508 3555 quos
1551 3470 1943 3537 delictorum
1996 3478 2229 3536 catena
2272 3472 2684 3556 constringit,

489 3574 880 3658 magnitudo
907 3584 1062 3640 tuae
1091 3575 1356 3660 pietatis
1386 3573 1707 3641 absolvat.
1800 3574 1943 3640 Per.

574 3694 834 3760 Deus³⁴
878 3696 991 3778 qui
1036 3694 1494 3761 confitentium
1542 3694 1665 3760 tibi
1730 3694 1933 3760 corda
1992 3693 2310 3779 purificaS,
2363 3704 2431 3761 et
2489 3714 2681 3759 accu·
2732 3704 2785 3755 S.

487 3809 708 3864 santes
743 3820 815 3863 se
837 3798 892 3839 ³⁶
919 3800 1350 3865 conscientias
1371 3800 1460 3865 ab
1489 3799 1671 3865 omni
1691 3797 1953 3865 vinculo
1981 3798 2348 3881 iniquitatis
2376 3797 2683 3878 absolvis),
2733 3770 2886 3821 Gerb.
2914 3782 2993 3834 ⁷²⁸

487 3903 576 3967 da
620 3901 1102 3987 indulgentiam
1155 3904 1300 3983 reis,
1351 3913 1420 3969 et
1471 3904 1868 3968 medicinam
1924 3902 2141 3967 tribue
2186 3901 2565 3981 vulneratis,
2609 3911 2684 3967 ut

487 4015 799 4090 percepta
821 4004 876 4045 ³⁶
905 4007 1286 4073 remissione
1315 4007 1610 4079 omnium
1637 4016 2061 4091 peccatorum
2092 4006 2345 4070 sincera
2371 4005 2685 4090 deinceps

485 4110 842 4175 devotione
901 4120 1347 4193 permaneant,
1407 4118 1476 4177 et
1535 4111 1788 4176 nullum
1844 4109 2317 4193 redemptionis
2375 4119 2685 4176 aeternae

483 4213 851 4279 sustineant
880 4214 1376 4281 detrimentum.
1465 4215 1609 4280 Per.

571 4334 867 4399 Domine
909 4346 1156 4410 sancte,
1189 4336 1388 4401 Pater
1429 4335 1873 4419 omnipotenS,
1897 4342 2161 4399 aeterne
2206 4333 2411 4411 Deus,
2433 4332 2685 4417 respice
2733 4344 2785 4396 s,

484 4457 682 4522 super
710 4438 884 4505 hunc
914 4438 1238 4504 famulum
1268 4448 1460 4503 tuum
1489 4440 1602 4523 qui
1632 4439 1717 4502 ab
1742 4437 1983 4505 infesta
2012 4436 2255 4502 saeculi
2285 4446 2684 4520 tempestate
2736 4410 2888 4463 Gerb.
2916 4420 2998 4475 ⁷⁰·

485 4544 825 4608 demersus
848 4543 922 4619 ³⁷,
967 4542 1168 4609 flebili
1215 4542 1685 4613 lamentatione
1728 4563 1883 4607 suos
1928 4551 2193 4616 accusat
2236 4560 2564 4619 excessus,
2608 4550 2684 4606 ut

485 4646 680 4714 fletus
709 4668 787 4713 ac
817 4648 1104 4730 gemitus
1144 4648 1288 4713 eius
1326 4648 1435 4730 pie
1469 4646 1807 4729 suscipiaS,
1838 4665 2121 4728 eumque
2159 4646 2244 4709 de
2274 4645 2563 4710 tenebris
2594 4644 2682 4709 ad

487 4750 712 4817 lumen
759 4772 1040 4831 revoces»,
1087 4760 1156 4819 et
1201 4749 1530 4815 medelam
1576 4748 1940 4828 confitenti,
1976 4748 2258 4815 salutem
2302 4748 2683 4829 poenitenti,

1571 4868 1614 4916 F
