3342 5392
1279 443 1741 500 APPENDJX.
2482 447 2607 519 327

619 609 988 687 Sumpsimus
1029 608 1179 668 Dne.
1218 607 1570 669 celebritatis
1611 627 1841 670 annuae

619 707 957 768 Ascendant
995 707 1072 766 ad
1113 716 1170 767 te
1211 706 1364 768 Dne.
1405 725 1606 786 preces
1645 715 1875 767 nostrae

605 838 788 899 Ferz'a
825 840 886 899 iv
927 839 1013 897 ad
1046 837 1113 898 S.
1154 836 1424 897 Mariam
1465 839 1549 897 ad
1580 837 1858 915 Praesepe
1894 833 1999 918 (R.
2028 836 2175 898 adds
2201 835 2313 896 Εὖ.
2342 835 2412 918 τ’).
2665 843 2816 895 Gerb.

619 953 829 1014 Preces
870 964 1094 1014 nostras
1135 971 1192 1031 q.
1234 952 1387 1013 Dne.
1430 953 1747 1014 clementer
2665 925 2754 977 pp.
2778 921 2857 972 '⁷³⁹’
2876 923 2957 972 40'

620 1052 1007 1113 Devotionem
1048 1052 1254 1130 populi
1295 1052 1377 1111 tui
1421 1071 1478 1131 q.
1520 1050 1674 1112 Dne.
1716 1051 2005 1130 benignus

581 1150 914 1211 *Sacrifieia
955 1149 1108 1210 Dne.
1149 1151 1434 1229 propitius
1475 1147 1607 1231 (sic)
1649 1151 1761 1210 ista

580 1247 752 1310 *VD.
796 1247 919 1322 Qui
957 1249 1020 1308 in
1058 1249 1334 1309 alimento

618 1346 738 1406 Tui
777 1345 930 1406 Dne.
969 1347 1344 1425 perceptione
1383 1347 1733 1408 sacramenti

617 1445 714 1508 Da
752 1465 811 1524 q.
850 1444 1002 1506 Dne.
1041 1445 1274 1524 populis
1313 1445 1652 1506 Christianis

594 1575 774 1637 Feria
814 1595 852 1638 v
891 1579 975 1636 ad
1008 1576 1072 1637 S.
1113 1577 1488 1637 Laurentium
1528 1579 1613 1638 ad
1644 1573 1814 1638 Fo—r.¹
1842 1575 1952 1658 (ad
1969 1577 2039 1636 F
2032 1596 2284 1638 ormonso
2312 1575 2435 1658 R.).
2668 1571 2819 1622 Gerb.

620 1692 694 1752 O.
737 1710 784 1752 s.
824 1691 899 1750 D.
942 1692 1040 1770 qui
1084 1693 1254 1753 nobis
1293 1693 1356 1752 in
1393 1693 1795 1755 observatione
2664 1653 2754 1742 pp.
2774 1651 2857 1702 40³
2878 1650 2957 1700 μ’

619 1788 931 1850 Precamur
971 1809 1028 1850 o.
1071 1789 1147 1851 D.
1188 1801 1254 1851 ut
1293 1791 1366 1851 de
1407 1791 1749 1852 transitoriis

623 1887 860 1966 Suscipe
902 1901 1130 1949 creator
1170 1908 1226 1951 0.
1268 1889 1345 1949 D.
1386 1909 1537 1969 quae
1579 1891 1900 1950 ieiunantes

581 1985 750 2046 *VD.
795 1986 952 2061 Quia
992 1997 1392 2065 competenter
1432 1999 1607 2066 atque
1649 1988 1951 2049 salubriter

619 2084 1006 2163 Percipientes
1047 2085 1199 2146 Dne.
1241 2086 1494 2162 gloriosa
1533 2088 1809 2164 mysteria

622 2184 874 2262 Respice
915 2184 1066 2246 Dne.
1113 2186 1396 2263 propitius
1437 2186 1511 2244 ad
1553 2185 1787 2264 plebem
1830 2193 1989 2246 tuam

695 2317 875 2377 Feria
917 2319 984 2376 vi
1014 2319 1098 2376 ad
1131 2318 1422 2394 Apostolos
1448 2316 1550 2397 (R.
1579 2317 1729 2377 adds
1754 2317 1864 2377 Εὖ.
1896 2320 1925 2376 i
1948 2318 2025 2376 In
2046 2291 2129 2378 'ra
2162 2364 2176 2379 .
2208 2365 2220 2378 .
2252 2315 2311 2397 .).
2340 2293 2345 2300 ³
2672 2317 2997 2404 Geth-P·41·‚

505 2463 510 2468 ·
618 2433 766 2493 Esto
806 2432 958 2492 Dne.
997 2433 1282 2511 propitius
1322 2434 1477 2511 plebi
1521 2443 1654 2493 tuae
1696 2442 1755 2494 et
1794 2452 1975 2512 quam

621 2529 718 2590 Da
756 2532 929 2591 nobis
965 2549 1022 2609 q.
1065 2548 1122 2590 o.
1166 2530 1240 2590 D.
1277 2532 1624 2592 ieiuniorum

625 2630 870 2707 Suscipe
903 2649 963 2709 q.
1006 2629 1164 2692 Dne.
1208 2630 1552 2691 devotorum
1593 2649 1839 2692 munera

581 2727 749 2787 *VD.
792 2729 893 2788 tibi
935 2729 1257 2789 sacrificare
1299 2730 1578 2790 ieiunium

619 2826 855 2887 Praesta
895 2845 952 2905 q.
994 2827 1148 2888 Dne.
1190 2828 1536 2906 spiritalibus
1579 2828 1810 2905 gaudiis

620 2925 792 2985 Plebs
834 2936 934 2984 tua
972 2924 1124 2986 Dne.
1166 2945 1222 3003 q.
1267 2927 1692 2986 benedictionis

662 3033 907 3109 Sabbata
945 3051 1027 3110 ad
1061 3047 1125 3110 S.
1165 3050 1405 3108 Petrum
1448 3053 1510 3108 in
1551 3052 1659 3111 xit
1692 3051 1843 3110 Lm.
1874 3047 1977 3130 (R.
2004 3051 2151 3112 adds
2179 3051 2290 3111 Es.
2321 3051 2391 3132 ι).
2675 3056 2826 3105 cers.
2841 3069 2982 3120 μμ.

621 3158 938 3243 [Populum
981 3173 1144 3223 tuum
1185 3162 1337 3223 Dne.
1381 3183 1438 3242 q.
1483 3166 1773 3242 propitius
1796 3162 1845 3248 ⁹]
2646 3175 2651 3180 '

621 3260 922 3322 Protector
961 3272 1155 3322 noster
1195 3263 1393 3341 aspice
1436 3263 1512 3324 D.
1555 3272 1614 3323 et
1655 3263 1757 3341 qui

619 3361 845 3421 Adesto
885 3379 945 3438 q.
986 3359 1138 3420 Dne.
1182 3361 1709 3439 supplicationibus
1749 3361 1961 3422 nostris
2003 3372 2067 3422 ut
2108 3381 2237 3424 esse
2252 3363 2275 3396 ²

620 3458 896 3518 Actiones
938 3469 1165 3520 nostras
1205 3479 1263 3537 q.
1307 3458 1458 3519 Dne.
1501 3470 1559 3520 et
1599 3459 1914 3539 aspirando
1937 3462 1960 3495 ²

621 3557 784 3618 Deus
827 3558 926 3635 qui
967 3557 1372 3634 delinquentes
1412 3558 1595 3636 perire
1637 3577 1760 3618 non
1801 3559 2015 3636 pateris

619 3655 778 3715 Post.
819 3653 1028 3718 Bened.
1071 3655 1234 3716 Deus
1277 3675 1452 3734 quem
1495 3656 1699 3716 omnia
1740 3674 1919 3734 opera
1958 3657 2311 3760 benedicunt

621 3753 1030 3814 Praesentibus
1072 3755 1365 3814 sacrificiis
1411 3753 1564 3815 Dne.
1609 3755 1821 3814 ieiunia

585 3851 1159 3913 *VD.111uminator
1196 3863 1254 3913 et
1295 3852 1627 3930 redemptor

621 3951 912 4029 Perpetuo
954 3949 1107 4013 Dne.
1149 3951 1344 4012 favore
1386 3970 1736 4030 prosequere

624 4048 858 4110 Fideles
901 4061 1034 4111 tuos
1073 4049 1228 4111 Dne.
1258 4050 1590 4111 benedictio
1630 4051 1961 4111 desiderata

1177 4173 1292 4232 Die
1333 4173 1636 4233 Dominica
1680 4181 1861 4234 vacat.
2102 4157 2111 4169 ’
2674 4186 2883 4249 Gerb.p.
2899 4199 2979 4248 43.

623 4287 787 4347 Deus
827 4291 927 4366 qui
970 4290 1258 4366 conspicis
1299 4291 1460 4349 omni
1503 4309 1614 4350 nos
1657 4291 1861 4349 virtute

485 4451 912 4518 ¹Probab1y‘ad
927 4452 1246 4504 Formosum’
1270 4469 1303 4502 a
1335 4469 1480 4506 name
1513 4455 1658 4519 given
1691 4460 1748 4504 to
1780 4453 1867 4503 the
1889 4452 2090 4503 Church
2114 4451 2173 4501 os
2188 4452 2619 4503 S-1aurenoe‘in

421 4516 753 4582 Panispemal
821 4521 874 4569 Is
899 4535 974 4580 s0,
1010 4518 1092 4568 the
1125 4535 1270 4569 name
1303 4527 1504 4580 cannot,
1537 4535 1594 4569 as
1634 4518 1727 4568 has
1770 4519 2056 4568 sometimes
2096 4519 2220 4568 been
2253 4533 2310 4566 su
2349 4518 2523 4582 posed,
2556 4519 2621 4568 be

421 4584 621 4633 derived
644 4583 772 4633 from
795 4584 935 4650 Pope
960 4586 1245 4647 Formosus
1271 4585 1354 4635 the
1385 4591 1593 4635 restorer
1614 4583 1672 4634 of
1695 4585 1781 4634 the
1802 4583 2022 4644 Church,
2045 4584 2179 4634 since
2202 4583 2286 4633 the
2330 4592 2433 4633 ater
2455 4584 2515 4633 of
2534 4585 2620 4634 the

420 4657 522 4699 two
545 4649 690 4699 MSS
714 4651 760 4698 is
781 4651 956 4700 earlier
977 4650 1094 4700 than
1117 4651 1196 4699 his
1217 4650 1502 4715 pontificate
1523 4652 1591 4714 by
1611 4649 1783 4714 nearly
1804 4665 1835 4698 a
1856 4657 2073 4726 century.

484 4713 504 4742 ²
538 4715 600 4764 R.
624 4715 910 4766 substitutes
940 4716 1016 4764 sor
1047 4715 1130 4766 the
1159 4715 1259 4766 first
1293 4716 1492 4766 Collect
1525 4717 1650 4765 Esto
1680 4714 2091 4780 Dne.prop1tius
2126 4713 2299 4778 (Gerb.
2324 4729 2374 4826 p.
2403 4712 2488 4777 41)
2517 4713 2615 4763 and

419 4781 596 4832 inverts
614 4781 700 4832 the
723 4782 869 4831 order
895 4781 950 4830 os
967 4781 1108 4832 those
1131 4783 1399 4847 beginning
1424 4782 1616 4841 Adesto,
1647 4781 1888 4830 Actiones.
