3342 5392
487 460 527 509 1.
551 458 734 525 mm]
1111 459 1536 515 ROMANAE
1577 456 2061 516 ECCLESJAE.
2594 463 2679 534 53

483 624 526 655 ⁸⁰
557 624 849 689 multifaria
905 623 1047 676 Miss.
1099 623 1238 675 Gau.
1261 640 1277 685 3
1337 624 1495 675 multi
1511 624 1662 675 ariae
1701 624 1801 685 V.3
1862 622 2001 675 Sacr.
2048 621 2186 675 Gau.
2244 622 2397 675 Gerb.
2450 638 2509 673 as
2559 628 2691 673 text.

481 688 524 785 ἓ
552 690 878 805 ’ἔῖἷέὣῆ
903 754 1041 805 oab
1131 690 1172 719 ‘³
1201 689 1780 805 ἅθ’ἕ’ῗέ”,..·.,ἱ·ἱ“ε;ἳὲἐ1·
1812 688 1949 741 ⁵⁸⁰¹·
1971 688 2157 804 {lsi
2185 688 2684 817 {afflasse

479 821 674 871 Iocutus
699 821 771 871 sic
801 822 1015 886 concepit
1035 820 1222 881 Gerb.3
1253 820 1316 871 V.
1341 772 1486 870 Mlqss.
1508 820 1646 871 Gall.
1665 836 1724 869 as
1744 826 1879 879 ταῖς
1910 819 2043 871 Sacr.
2067 819 2201 869 Gall.
2225 821 2373 869 omits
2392 819 2479 868 the
2500 818 2683 869 clause.

483 884 523 915 ⁸⁸
554 885 696 936 Min.
721 886 854 935 Gall.
879 888 1056 937 inserts
1076 892 1137 935 et.
1235 882 1277 915 ³⁴¹
1309 884 1610 950 infirmitate
1632 886 1775 935 Miss.
1801 885 1936 937 Gall.
1954 882 2649 999 (perhazsrgorjnfirmitale)
2669 897 2685 944 3

484 951 549 1000 V.
572 951 725 1001 Gerb.
747 967 804 1001 as
825 958 930 1003 text
948 966 962 1011 3
994 951 1132 1002 Sam·-
1153 950 1293 1002 Gall.
1315 951 1464 1000 omits
1485 952 1570 1001 the
1590 951 1784 1015 phrase.
2026 949 2065 980 ⁸⁸
2224 950 2387 999 ‘mma
2409 949 2505 1007 V.3
2538 949 2688 999 Miss-

485 1015 621 1067 Gan.
649 1015 802 1067 Gerb.
824 1033 881 1066 as
901 1025 1018 1067 text.
1279 1016 1317 1047 ⁸⁸
1351 1017 1502 1068 Geth.
1525 1016 1677 1067 omits
1697 1016 1823 1066 dicit
1835 1032 1849 1076 3
1882 1016 2027 1067 Μία.
2052 1015 2191 1067 Gall.
2212 1015 2305 1064 has
2326 1016 2402 1065 Et
2420 1013 2605 1064 David
2620 1029 2685 1065 ex

473 1089 692 1146 persona
729 1082 930 1133 Christi
956 1082 1109 1142 dicim
1139 1080 1276 1132 Sacr.
1298 1081 1432 1131 Gall.
1453 1081 1554 1131 Ait
1583 1081 1723 1131 enim
1754 1081 1939 1131 David
1960 1096 2022 1131 ex
2042 1088 2257 1146 persona
2280 1080 2479 1131 Christi
2496 1095 2509 1138 3
2542 1079 2605 1129 V.
2629 1095 2686 1129 as

483 1155 602 1197 text.
779 1146 821 1179 ⁴⁰
853 1163 1072 1211 regnans
1091 1147 1232 1197 Miss-
1259 1147 1398 1197 Gall.
1419 1146 1553 1197 Sacr.
1580 1145 1747 1203 Gall.3
1781 1147 1845 1198 V.
1876 1146 2031 1197 Gerb.
2052 1162 2109 1196 as
2128 1152 2249 1195 text.
2418 1145 2457 1174 ⁴¹
2489 1159 2685 1194 omnem

467 1212 804 1277 festivitatem
827 1213 893 1263 V.
910 1212 1422 1307 (agrammatieally)
1446 1228 1462 1273 3
1494 1212 1622 1263 Miss
1642 1212 1784 1261 Gall.
1808 1212 1959 1262 Gerb.
1983 1227 2041 1261 as
2062 1218 2193 1269 text3
2226 1212 2359 1261 Saer.
2377 1209 2510 1260 Gall.
2534 1210 2685 1259 omits

484 1277 568 1327 the
589 1278 780 1342 phrase.
1066 1278 1142 1329 ad
1155 1278 1433 1329 venientem
1452 1278 1586 1327 diem
1609 1277 1830 1327 Paschae
1852 1276 2037 1334 Gerb.3
2071 1277 2135 1326 V.
2161 1274 2302 1327 Misz.
2328 1275 2463 1326 Gall.
2486 1291 2541 1325 as
2564 1282 2684 1324 text.

485 1341 524 1372 ¹³
557 1358 845 1393 mereamur
861 1342 1004 1394 Miss.
1028 1340 1168 1395 Gau.
1335 1342 1380 1375 ⁴⁴
1416 1341 1616 1394 Christo
1638 1344 1771 1404 Iesu,
1797 1342 1937 1393 Min.
1962 1341 2098 1393 Gan.
2276 1342 2320 1375 ⁴⁸
2355 1341 2466 1404 Qui
2482 1340 2619 1391 vivit
2636 1345 2687 1389 et

485 1415 663 1473 regnat
681 1410 824 1459 Deus
845 1409 986 1459 Miss.
1009 1407 1151 1459 Gan.

1425 1569 1689 1627 XXXV
1714 1558 1758 1627 ¹.

734 1683 1026 1749 INcmT
1071 1684 1504 1749 PRAEFATIO
1547 1682 1883 1749 SYMBOLI
1929 1698 2034 1748 AD
2080 1696 2405 1749 ELEcTos
2431 1708 2447 1747 ε
2736 1691 2890 1744 Geth.
2913 1691 2964 1742 n.
2986 1704 3033 1755 3.

556 1802 652 1868 Id
671 1814 784 1884 est,
818 1812 1167 1887 antequam
1194 1805 1357 1871 dicis·
1393 1804 1788 1889 Symbolum,
1817 1805 1925 1871 his
1956 1807 2169 1872 verbis
2182 1806 2613 1891 prosequeris.

573 1924 1002 1990 Dilectissimi
1043 1925 1257 2002 nobis
1302 1926 1636 2009 accepturi
1683 1936 2100 1993 sacramenta
2140 1925 2582 2012 baptismatis,
2618 1934 2687 1993 et

485 2026 553 2091 in
597 2048 838 2093 novam
868 2038 1234 2094 creaturam
1264 2031 1474 2095 sancti
1515 2029 1803 2114 Spiritus
1835 2030 2245 2113 procreandi,
2276 2030 2477 2095 fidem
2508 2050 2643 2115 qua
2661 2027 2689 2066 ²

487 2131 832 2197 credentes
868 2132 1264 2199 iustificandi
1305 2134 1466 2198 estis
1510 2141 1658 2199 toto
1704 2136 1905 2200 corde
1944 2135 2293 2219 concipite,
2336 2144 2405 2200 et
2448 2134 2687 2199 animis

487 2236 721 2300 vestris
785 2256 1008 2303 veram
1083 2237 1646 2302 conversationem
1709 2238 1987 2303 mutatis
2010 2238 2053 2317 ³,
2112 2238 2199 2303 ad
2262 2238 2507 2317 Deum,
2570 2238 2689 2321 qui

341 2350 460 2406 540
489 2340 839 2403 men-tium
861 2348 1234 2406 nostrarum
1253 2337 1284 2378 4
1312 2350 1413 2407 oet
1443 2338 1865 2417 illuminator,
1888 2341 2181 2407 accedite
2192 2341 2240 2418 ⁶,
2260 2341 2689 2426 suscipientes

487 2426 849 2528 evangelici
900 2442 1188 2526 symboli
1245 2453 1731 2509 sacramentum
1753 2444 1799 2522 Β,
1845 2466 1887 2510 a
1948 2445 2241 2509 Domino
2300 2444 2688 2529 inspiratum

488 2546 576 2610 ab
595 2546 620 2585 ⁷
673 2546 996 2631 apostolis
1043 2547 1445 2626 institutum,
1483 2547 1670 2612 cuius
1720 2568 1929 2631 pauca
1971 2550 2243 2631 quidem
2286 2548 2489 2613 verba
2532 2559 2685 2613 sunt

487 2650 608 2714 sed
639 2670 882 2734 magna
913 2651 1241 2735 mysteria.
1306 2650 1594 2717 Sanctus
1623 2652 1869 2716 etenim
1890 2650 2194 2735 SpirituS,
2217 2652 2332 2735 qui
2356 2652 2689 2735 magistris

487 2753 805 2819 ecclesiae
849 2754 979 2819 ista
1018 2754 1296 2819 dictavit
1334 2755 1454 2821 tali
1494 2754 1777 2838 eloqui0,
1808 2754 2057 2838 talique
2084 2754 2426 2831 brevitate,
2461 2755 2693 2819 saluti-

486 2857 692 2921 feram
733 2857 1035 2923 condidit
1071 2856 1296 2935 fidem,
1327 2868 1403 2923 ut
1441 2857 1624 2942 quod
1657 2859 2057 2923 credendum
2097 2856 2287 2924 vobis
2306 2858 2333 2899 ⁸
2368 2867 2488 2937 est,
2517 2878 2690 2924 sem-

487 2980 736 3044 perque
779 2960 1223 3045 profitendum
1241 2960 1287 3040 ⁹,
1331 2981 1454 3027 nec
1495 2959 2003 3046 intelligentiam
2047 2962 2260 3047 possit
2300 2960 2523 3041 latere,
2568 2981 2691 3027 nec

491 3064 882 3129 memoriam
942 3063 1222 3149 fatigare
1239 3062 1310 3129 ¹⁰.
1403 3064 1687 3131 Intentis
1738 3065 1961 3150 itaque
2003 3066 2238 3130 animis
2287 3063 2690 3149 Symbolum

489 3167 742 3245 discite,
773 3177 844 3235 et
871 3168 1054 3251 quod
1083 3166 1273 3234 vobis
1299 3168 1470 3234 sicut
1499 3168 1879 3251 accepimus
1903 3166 1955 3206 11
1983 3169 2306 3235 tradimus
2334 3189 2467 3235 non
2497 3170 2691 3237 alicui

491 3270 808 3337 materiae
845 3291 1021 3355 quae
1038 3268 1094 3309 ¹²
1130 3272 1460 3356 corrumpi
1497 3281 1739 3356 potest,
1774 3274 1895 3338 sed
1928 3272 2191 3357 paginis
2232 3272 2433 3337 vestri
2471 3273 2691 3339 cordis

489 3375 822 3440 ascribite.
912 3373 1260 3441 Confessio
1303 3376 1534 3459 itaque
1590 3375 1747 3441 fidei
1768 3373 1821 3413 ¹³
1880 3396 2083 3459 quam
2140 3376 2520 3460 suscepistis
2561 3376 2691 3445 hoc

493 3478 837 3544 inchoatur
864 3478 1156 3545 exos-die.

577 3623 748 3689 Post
793 3624 968 3704 haec,
1011 3626 1328 3711 accipiens
1375 3625 1660 3710 acolytus
1708 3646 1913 3691 unum
1968 3646 2053 3691 ex
2106 3628 2269 3710 ipsis
2323 3627 2693 3712 infantibus

491 3726 872 3809 masculum,
901 3738 1120 3794 tenens
1159 3750 1309 3795 eum
1325 3726 1380 3769 ¹4
1421 3732 1496 3795 in
1536 3731 1809 3795 sinistro
1849 3728 2111 3797 brachio
2134 3742 2381 3815 ponens
2421 3751 2692 3797 manum

489 3842 682 3914 super
733 3841 928 3916 caput
973 3834 1115 3899 eius
1135 3832 1209 3898 ¹⁶.
1315 3834 1424 3898 Et
1481 3834 1852 3918 interrogat
1890 3835 1957 3899 ei
1973 3831 2025 3875 ¹⁰
2071 3834 2425 3918 presbyter.
2534 3834 2692 3919 Qua

491 3934 720 4020 lingua
767 3934 1166 4001 confitentur
1182 3934 1234 3977 ¹¹⁸
1295 3936 1660 4003 Dominum
1705 3948 2003 4003 nostrum
2050 3938 2271 4004 Iesum
2306 3936 2643 4005 Christum
2661 3944 2690 4004 Ρ

495 4035 580 4112 R.
631 4038 886 4105 Graece
913 4036 990 4104 ¹⁸.
1089 4040 1346 4106 Iterum
1394 4040 1562 4107 dicit
1581 4037 1633 4081 ¹⁹
1676 4041 2033 4125 presbyter,
2078 4042 2433 4107 Annuntia
2486 4041 2691 4108 fidem

495 4141 791 4225 ipsorum
839 4143 1128 4228 qualiter
1166 4146 1445 4211 credunt
1464 4144 1538 4209 ²⁰.
1625 4144 1736 4209 Et
1780 4144 1947 4210 dicit
1986 4145 2273 4228 acolytus
2315 4144 2693 4230 Symbolum

499 4244 742 4311 Graece
782 4246 1202 4326 decantanda,
1248 4256 1467 4313 tenens
1508 4268 1779 4315 manum
1822 4258 2017 4333 super
2053 4257 2248 4331 caput
2284 4249 2591 4332 infantis,
2621 4250 2693 4315 in

493 4346 602 4415 Itis
629 4348 842 4415 verbis
857 4346 950 4415 ²¹:

617 4462 822 4531 Credo
877 4467 950 4532 in
981 4487 1184 4532 unum
1231 4465 1449 4532 Deum
1479 4464 1760 4533 Patrem
1830 4470 2321 4552 omnipotentem
2361 4467 2695 4552 factorem

585 4566 855 4635 Pisteuo
917 4568 1020 4635 his
1049 4590 1177 4635 ena
1243 4569 1484 4636 Theon
1533 4572 1772 4637 Patera
1815 4572 2340 4655 panhocratoran
2416 4573 2649 4657 pyetin
2681 4578 2689 4585 ‘

515 4687 682 4754 caeli
747 4699 815 4754 et
844 4699 1057 4755 terrae
1099 4690 1459 4756 visibilium
1561 4694 1855 4759 omnium
1973 4702 2041 4757 et
2066 4692 2501 4758 invisibilium
2566 4694 2673 4758 Et

499 4810 705 4857 uranu
779 4794 908 4857 kae
935 4794 1035 4876 gis
1171 4805 1404 4861 oraton
1513 4796 1635 4862 kae
1671 4806 1923 4879 panton
2016 4798 2145 4861 kae
2176 4805 2451 4865 auraton
2544 4798 2695 4864 Kae
