3342 5392
1310 471 1367 529 A
1371 473 1767 530 PPENDIX.

643 637 1034 698 Clementiam
1077 646 1236 697 tuam
1280 635 1434 697 Dne.
1477 637 1811 715 suppliciter
1850 653 2163 698 exoramus

647 735 781 795 VD.
827 735 1274 810 Redemptionis
1315 745 1552 797 nostrae
1591 735 1742 796 festa
1782 735 2038 797 recolere

646 834 822 896 Hanc
863 835 1038 912 igitur
1077 834 1194 894 obl.
1235 834 1586 895 famulorum
1626 833 2089 914 famularumque

603 931 776 994 *Tua
815 951 927 994 nos
967 953 1024 1012 q.
1067 931 1220 994 Dne.
1265 951 1420 1012 quae
1460 933 1819 1011 sumpsimus

983 1079 1311 1166 [Orationes
1336 1089 1391 1143 et
1413 1082 1622 1143 Preces
1647 1083 1712 1142 in
1741 1081 2069 1142 Parocbt'zk.

644 1196 722 1256 D.
764 1197 863 1275 qui
905 1196 1146 1258 humani
1186 1198 1419 1277 generis
1461 1208 1762 1276 reparator
1802 1207 1860 1258 et
1902 1205 2093 1258 rector

646 1293 984 1358 Renovatos
1023 1294 1177 1357 Dne.
1218 1296 1396 1356 fontis
1436 1315 1506 1358 ac
1549 1296 1795 1376 Spiritus
1834 1296 1917 1356 tui

604 1393 960 1455 *Offerimus
999 1394 1102 1456 tibi
1143 1394 1295 1456 Dne.
1336 1394 1541 1456 laudes
1581 1405 1639 1455 et
1679 1413 1924 1455 munera

643 1492 778 1553 VD.
821 1491 956 1554 Nos
996 1503 1054 1553 te
1093 1493 1426 1572 suppliciter
1465 1511 1708 1554 exorare
1749 1502 1814 1553 ut
1855 1492 2120 1553 fidelibus

643 1591 894 1652 Adiuvet
933 1609 1046 1652 nos
1083 1611 1143 1672 q.
1186 1590 1342 1654 Dne.
1382 1602 1650 1652 sanctum
1693 1591 1847 1652 istud

604 1688 897 1769 *Populus
937 1701 1072 1751 tuus
1111 1709 1171 1770 q.
1214 1690 1368 1752 Dne.
1413 1700 1689 1752 renovata
1730 1685 1989 1771 semper]

876 1835 1020 1920 [viii
1039 1838 1182 1899 Kal.
1211 1838 1361 1918 Apr.
1389 1841 1773 1900 Annuntiatio
1800 1837 1865 1899 S.
1895 1838 2137 1898 Mariae
2150 1837 2188 1897 ¹.

643 1953 719 2014 Ο.
761 1971 808 2016 s.
847 1953 926 2013 D.
966 1955 1068 2033 qui
1111 1965 1487 2014 coaeternum
1529 1954 1632 2014 tibi
1676 1953 1888 2013 Filium

604 2052 871 2112 *Exaudi
913 2071 1024 2113 nos
1063 2053 1216 2112 Dne.
1259 2071 1304 2112 S.
1346 2052 1412 2113 Ρ.
1453 2071 1510 2112 o.
1551 2060 1664 2112 aet.
1704 2051 1779 2113 D.
1826 2051 1927 2130 qui
1968 2069 2074 2130 per
2116 2053 2317 2112 beatae

641 2149 826 2210 Altari
868 2160 972 2211 tuo
1011 2150 1164 2210 Dne.
1205 2151 1650 2230 superimposita

605 2248 984 2310 *Oblationes
1023 2259 1254 2310 nostras
1294 2267 1352 2328 q.
1395 2248 1548 2309 Dne.
1589 2251 1936 2328 propitiatus
1976 2248 2216 2310 intende

605 2346 774 2410 *VD.
823 2346 944 2421 Qui
983 2366 1096 2408 nos
1135 2347 1402 2408 mirabile
1441 2348 1779 2426 mysterium

543 2471 546 2474 ⁴
641 2444 867 2506 Adesto
907 2444 1061 2506 Dne.
1103 2447 1324 2525 populo
1365 2457 1467 2507 tuo
1507 2455 1574 2505 ut
1613 2464 1767 2524 quae
1810 2447 2053 2524 sumpsit

638 2542 890 2623 Protege
931 2543 1084 2606 Dne.
1125 2544 1376 2605 famulos
1415 2554 1551 2605 tuos
1589 2543 1862 2604 subsidiis
1900 2539 2093 2624 pacis]

1261 2689 1344 2775 [A
1351 2695 1463 2754 lias
1507 2692 1807 2754 Orationes

637 2807 853 2870 Beatae
892 2819 952 2869 et
988 2807 1278 2887 gloriosae
1309 2855 1323 2871 .
1360 2853 1375 2870 .
1405 2853 1420 2868 .
1449 2827 1561 2869 nos
1602 2808 1756 2870 Dne.
1800 2828 1856 2887 q.

601 2906 852 2967 *Beatae
891 2917 952 2968 et
990 2907 1278 2984 gloriosae
1310 2953 1324 2967 .
1356 2950 1371 2967 .
1402 2953 1416 2968 .
1451 2925 1509 2986 q.
1551 2925 1608 2968 o.
1651 2905 1728 2967 D.
1772 2906 2108 2966 intercessio

638 3005 875 3082 Porrige
917 3006 1088 3066 nobis
1127 3004 1205 3064 D.
1247 3005 1545 3066 dexteram
1587 3015 1747 3066 tuam
1787 3014 1847 3066 et
1889 3001 2018 3085 per]

763 3153 1058 3214 Orationes
1083 3160 1138 3214 et
1160 3154 1366 3214 Preces
1393 3153 1695 3213 Domim‘ca
1709 3159 1846 3231 post
1873 3152 1989 3212 oct.
2019 3152 2295 3212 Paschae.

601 3266 710 3328 *D.
753 3270 856 3348 qui
894 3269 960 3329 in
1000 3269 1126 3329 Filii
1168 3269 1251 3328 tui
1292 3268 1612 3328 humilitate

635 3365 712 3427 D.
755 3367 815 3426 in
855 3367 1022 3426 cuius
1061 3369 1390 3447 praecipuis
1431 3366 1789 3426 mirabilibus

638 3463 1114 3526 Benedictionem
1155 3464 1307 3524 Dne.
1347 3465 1521 3525 nobis
1561 3464 1820 3525 conferat

635 3561 770 3624 VD.
815 3562 1114 3637 Quoniam
1132 3560 1204 3644 (?)
1249 3563 1610 3623 maiestatem
1653 3573 1814 3622 tuam
1852 3563 2078 3640 precari

598 3661 870 3723 *Praesta
909 3663 1085 3723 nobis
1121 3679 1182 3722 o.
1226 3661 1300 3721 D.
1345 3671 1406 3722 ut
1447 3660 1843 3722 vivificationis

936 3807 1041 3894 [iii
1073 3811 1165 3872 Id.
1194 3811 1247 3870 Α
1247 3823 1342 3889 pr.
1378 3810 1524 3872 Nat.
1554 3808 1620 3871 S.
1651 3809 1859 3870 leonis
1884 3809 2097 3888 Papae.

631 3925 864 3986 Exaudi
905 3924 1058 3988 Dne.
1100 3945 1304 4005 preces
1344 3937 1570 3987 nostras
1611 3943 1759 4004 quas
1799 3927 1861 3984 in
1902 3943 1945 3986 s.
1990 3924 2337 3988 confessoris

595 4023 866 4084 *Praesta
905 4043 962 4104 q.
1003 4043 1058 4084 ο.
1101 4025 1174 4085 D.
1217 4036 1280 4085 ut
1320 4026 1379 4086 b.
1423 4024 1552 4084 Leo

597 4122 693 4182 *S.
734 4121 956 4182 Leonis
999 4123 1349 4184 confessoris
1391 4125 1471 4182 tui
1515 4133 1689 4200 atque
1732 4124 2023 4201 pontificis

635 4220 712 4280 D.
753 4221 1009 4281 fidelium
1053 4233 1450 4282 remunerator
1491 4219 1867 4303 animarum]

1067 4371 1188 4454 [Id.
1218 4373 1365 4450 Apr.
1394 4371 1536 4432 Nat.
1568 4371 1630 4432 S.
1664 4371 1967 4450 Eufimiae.

633 4487 910 4548 Concede
950 4505 1008 4565 q.
1052 4505 1108 4547 0.
1152 4487 1226 4548 D.
1271 4507 1316 4547 S.
1357 4489 1618 4566 martyris
1659 4488 1949 4548 Eufimiae

633 4586 848 4645 Annue
889 4603 948 4663 q.
991 4584 1142 4646 Dne.
1185 4597 1248 4646 ut
1289 4603 1332 4648 s.
1380 4587 1644 4663 martyris
1686 4586 1975 4647 Eufimiae

1471 4913 1584 4960 ZZ

2516 485 2641 552 339

2692 1087 2847 1138 Gerb.

2693 1169 2742 1218 p.
2772 1166 2879 1215 103.

2692 1842 2845 1893 Gerb.

2689 1923 2774 1973 PP-
2799 1920 2881 1971 312
2900 1920 2981 1970 3²·

2586 3145 2589 3150 ¹
2684 3161 2832 3212 Gerb.
2862 3177 2944 3226 pp.

2690 3240 2798 3289 103,
2822 3241 2930 3290 104.

2678 3818 2829 3868 Gerb.

2678 3898 2729 3947 p.
2758 3898 2864 3949 105.

2680 4386 2831 4436 Gerb.

2676 4467 2726 4515 p.
2756 4465 2863 4514 105.

495 4745 510 4774 ¹
548 4747 608 4798 R.
635 4745 726 4798 has
749 4765 780 4798 a
801 4745 1024 4797 different
1045 4747 1208 4796 Mel-sa
1235 4748 1336 4813 (sce
1371 4745 1520 4798 Gerb.
1546 4762 1594 4810 p.
1619 4761 1699 4810 32,
1727 4749 1867 4811 note)
1900 4747 2168 4812 consisting
2200 4745 2259 4795 of
2288 4761 2379 4796 one
2414 4745 2623 4806 Collect,

427 4813 596 4864 Secret
619 4815 713 4864 and
739 4814 1188 4864 l'ostcommunion.
