3342 5392
467 428 534 480 11.
560 427 651 492 iv.]
1085 427 1512 484 ROMANAE
1555 429 1666 486 EC
1667 427 2044 484 CLESIAE.
2544 425 2665 508 163

1417 601 1705 658 Secreta.

552 709 780 776 Sancti
802 711 1103 777 Marcelli
1124 711 1516 779 confessoris
1537 715 1633 779 tui
1654 723 1858 797 atque
1880 713 2224 797 pontificiS,
2245 734 2667 798 quaesumus,

465 815 774 894 Domine,
797 837 1016 881 annua
1043 815 1427 882 solemnitas
1455 817 1690 900 pietati
1719 828 1876 883 tuae
1905 839 2027 883 nos
2058 819 2292 884 reddat
2320 829 2665 902 acceptos:

463 940 582 1003 per
610 918 776 986 haec
804 919 955 1003 piae
984 919 1340 986 oblationis
1371 921 1588 987 officia
1617 931 1687 986 et
1720 921 1905 985 illum
1936 923 2282 988 retributio
2314 923 2667 988 comitetur

464 1032 532 1088 et
563 1025 753 1090 nobis
781 1023 1034 1106 gratiae
1061 1035 1219 1089 tuae
1249 1027 1424 1090 dona
1452 1025 1773 1090 conciliet.
1865 1025 1989 1090 Per
2017 1027 2404 1090 Dominum.

1308 1206 1811 1262 Poetoommun.

551 1319 756 1395 Deus,
803 1316 1100 1383 fidelium
1149 1328 1600 1385 remunerator
1638 1321 2024 1394 animarum,
2057 1329 2323 1403 praesta
2369 1329 2446 1384 ut
2489 1319 2669 1386 beati

464 1420 767 1487 Marcelli
805 1422 1194 1488 confessoris
1229 1423 1327 1486 tui
1373 1432 1576 1507 atque
1614 1423 1967 1506 pontificis,
1996 1423 2183 1488 cuius
2221 1425 2666 1489 venerandam

462 1525 867 1590 celebram‘us
884 1525 1330 1602 festivitatem,
1351 1525 1656 1610 precibus
1674 1526 2153 1611 indulgentiam
2171 1547 2664 1611 consequamur.

465 1628 592 1692 Per
621 1629 1008 1693 Dominum.

531 1780 550 1809 ²
582 1781 750 1846 Papae
770 1780 822 1829 in
845 1781 908 1832 R.
931 1781 982 1832 S.
1007 1781 1158 1832 Gerb.
1183 1783 1316 1832 Men.
1341 1783 1482 1832 Pam.
1651 1781 1673 1811 ²
1704 1782 1776 1834 So
1798 1783 1861 1834 V.
1880 1799 1895 1842 3
1927 1736 2153 1850 possibly
2173 1789 2222 1832 et
2240 1784 2366 1849 quia
2386 1783 2431 1832 is
2452 1783 2539 1835 the
2561 1791 2667 1834 true

466 1845 688 1911 reading.
823 1845 844 1874 ⁸
875 1847 945 1896 So
969 1847 1049 1904 V..
1072 1847 1290 1913 perhaps
1311 1847 1390 1897 for
1401 1849 1590 1914 placiti
1609 1864 1666 1898 or
1680 1850 1889 1913 placita.
2023 1849 2041 1878 ⁴
2075 1851 2320 1912 martyris
2340 1849 2389 1898 S.
2416 1849 2568 1899 Gerb.

1503 2105 1628 2162 1v.

589 2235 675 2299 IN
721 2235 1018 2300 NATAm
1066 2234 1536 2301 SANCTORUM
1583 2235 2033 2302 MARTYRUM
2079 2236 2551 2316 SEnAsnANl,

744 2339 1076 2418 MARIAE,
1123 2338 1470 2417 MARTAE,
1516 2339 1876 2405 AumFAx
1924 2354 2020 2404 ET
2064 2342 2399 2406 ABACUC.

1131 2478 1268 2542 xiii
1304 2476 1383 2541 K
1382 2479 1465 2542 al.
1509 2477 1915 2543 Februarias
1932 2476 1975 2542 ¹.

554 2602 880 2680 Concede,
938 2624 1352 2687 quaesumus,
1387 2605 1834 2698 ‚omnipotens
1895 2606 2100 2681 Deua
2156 2615 2228 2670 ut
2285 2615 2669 2671 sanctorum

468 2719 836 2790 martyrum
884 2717 1168 2788 tuorum,
1222 2729 1504 2791 quorum
1557 2710 1969 2774 celebramus
2024 2710 2353 2786 victoriaS,
2404 2709 2667 2794 partici-

466 2832 702 2895 pemur
730 2823 799 2878 et
832 2813 1162 2896 praemiis.
1251 2813 1375 2877 Per
1405 2813 1792 2878 Dominum.

556 2933 842 3010 Praesta,
916 2953 1334 3016 quaesumuS,
1407 2935 1713 3012 Domine,
1788 2943 1883 3012 ut,
1948 2934 2396 2998 intercedente
2464 2934 2669 2999 beato

469 3035 864 3101 Sebastiano
923 3046 1216 3120 martyre
1262 3047 1397 3117 tuo,
1446 3047 1516 3102 et
1559 3058 1602 3101 a
1649 3038 1901 3102 cunctis
1946 3037 2456 3102 adversitatibus
2522 3057 2668 3100 mu-

466 3141 724 3204 niamur
762 3140 828 3203 in
877 3159 1170 3223 corpore,
1200 3151 1270 3205 et
1298 3161 1339 3203 a
1374 3141 1594 3224 pravis
1623 3140 2139 3225 cogitationibus
2170 3140 2569 3204 mundemur
2598 3141 2667 3204 in

452 3244 665 3322 ,corde
685 3241 730 3306 ².
822 3244 963 3307 Per.

1417 3338 1713 3396 Secreta.

551 3449 805 3516 Sancto
854 3451 1248 3517 Sebastiano
1287 3450 1767 3516 interveniente
1786 3451 1832 3531 ³,
1876 3451 2187 3529 Domine,
2224 3452 2350 3517 tibi
2387 3451 2670 3516 servitus

465 3565 690 3620 nostra
707 3552 738 3593 ⁴
779 3555 1229 3638 complaceat;
1272 3564 1342 3620 et
1388 3555 1707 3638 obsequia
1750 3575 2097 3620 munerum
2136 3555 2297 3621 fiant
2340 3554 2671 3639 praesidia

463 3659 876 3724 devotorum.
967 3659 1108 3723 Per.

1319 3755 1824 3812 Pofltoommun.

551 3865 840 3932 Caelesti
870 3887 1140 3932 munere
1168 3867 1389 3932 satiati
1420 3888 1841 3950 quaesumus,
1871 3866 2167 3932 Domine
2197 3865 2384 3930 Deus
2424 3876 2663 3946 noster,

461 3980 535 4035 ut
586 3970 751 4036 haec
810 3991 933 4034 nos
989 3972 1183 4051 dona,
1231 3972 1542 4055 martyris
1599 3973 1699 4037 tui
1749 3970 2123 4037 Sebastiani
2181 3971 2662 4053 deprecatione,

459 4075 885 4140 sanctificent.
975 4075 1118 4140 Per.

531 4245 546 4273 ¹
581 4244 645 4295 R.
666 4243 836 4309 places
857 4243 958 4293 this
981 4245 1198 4294 Festival
1220 4260 1286 4295 on
1311 4243 1397 4294 xiv
1417 4243 1538 4294 Kal.
1565 4245 1717 4305 Feb.;
1750 4244 1800 4296 S.
1829 4243 1981 4296 Gerb.
2003 4244 2114 4295 also
2136 4244 2264 4294 have
2284 4243 2370 4294 the
2392 4242 2589 4293 festival
2612 4243 2672 4292 of

460 4309 549 4360 SS.
574 4310 720 4372 Mar-y
753 4308 850 4358 and
884 4309 1084 4360 Martha
1115 4326 1182 4360 on
1214 4312 1297 4360 xiv
1321 4310 1441 4361 Kal.
1475 4311 1619 4372 Feb„
1652 4311 1856 4376 placing
1887 4319 2003 4361 next
2036 4309 2124 4360 the
2155 4309 2321 4360 Missa
2354 4311 2415 4358 in
2447 4309 2573 4358 Nat.
2603 4311 2657 4358 S.

461 4375 688 4424 Fabiani
711 4373 822 4438 (xiil
843 4374 961 4425 Kal.
987 4375 1150 4436 Feb),
1182 4376 1281 4425 and
1317 4376 1430 4426 then
1468 4379 1558 4438 (on
1592 4376 1678 4426 the
1710 4392 1847 4426 same
1878 4376 2013 4440 day),
2038 4375 2124 4425 the
2152 4375 2319 4424 Missa
2352 4375 2411 4422 in
2444 4376 2569 4423 Nu.
2604 4375 2661 4423 S.

461 4440 762 4496 Sebastiani,
795 4439 958 4490 which
995 4441 1048 4489 in
1082 4441 1144 4488 R.
1177 4441 1377 4491 follows
1414 4440 1526 4491 that
1559 4441 1636 4491 for
1667 4440 1755 4490 SS.
1786 4441 1934 4506 Max-y
1963 4440 2064 4490 and
2099 4439 2317 4490 Martha.
2390 4440 2525 4490 Men.
2561 4439 2660 4488 and

462 4505 600 4554 Pam.
626 4505 773 4554 make
793 4521 860 4554 no
881 4507 1099 4555 mention
1121 4505 1180 4554 os
1194 4505 1280 4556 SS.
1306 4507 1454 4570 Mar-y
1476 4506 1574 4556 and
1599 4507 1818 4567 Martha,
1844 4508 1935 4557 but
1963 4507 2079 4572 give
2112 4521 2163 4556 se
2200 4511 2337 4555 atate
2370 4505 2560 4554 Missae
2586 4505 2661 4552 for

461 4571 546 4620 the
575 4570 795 4619 festivals
822 4570 882 4619 os
906 4571 955 4620 S.
985 4571 1174 4620 Fabian
1208 4572 1308 4619 and
1328 4570 1381 4621 S.
1405 4571 1679 4631 Sebastian,
1704 4571 1827 4621 both
1863 4588 1929 4621 on
1952 4571 2041 4621 xiii
2069 4571 2121 4620 K
2176 4608 2187 4620 .
2216 4570 2337 4620 Feb.
2406 4569 2467 4618 V.
2492 4568 2661 4618 stands

463 4636 611 4684 alone
633 4635 684 4684 in
707 4635 793 4684 the
815 4636 1038 4685 mention
1062 4636 1120 4686 of
1133 4635 1220 4685 SS.
1247 4637 1468 4687 Andisax
1491 4637 1590 4687 and
1612 4639 1835 4688 Abacuc.
2079 4637 2100 4665 ²
2131 4641 2293 4686 mente
2315 4636 2417 4685 Ger
2446 4635 2501 4684 b.
2524 4650 2539 4694 ς
2570 4633 2677 4684 V.S

465 4717 522 4748 as
547 4708 668 4750 text.
811 4703 830 4729 ⁸
863 4701 926 4752 V.
949 4702 1041 4750 has
1065 4702 1307 4750 Sanctum
1326 4702 1677 4751 Sebastianum
1694 4703 2107 4754 intervenientem
2128 4699 2633 4768 (ungrammatimlly)
2652 4717 2667 4762 3

467 4765 528 4816 R.
554 4765 606 4816 S.
631 4781 689 4816 as
709 4771 829 4814 text.
1025 4765 1046 4794 ⁴
1079 4771 1246 4816 noster
1263 4767 1326 4817 V.
1351 4768 1445 4828 R.;
1479 4768 1529 4817 S.
1553 4784 1610 4816 as
1630 4775 1750 4818 text.

1505 4863 1637 4916 ΜΖ

2690 2946 2873 3063 ’gr-ab.
2900 3025 2977 3062 21.

2718 3471 2781 3520 R.
2804 3470 2857 3524 S.

2720 3537 2870 3587 Gerb.
2900 3549 2981 3588 21.

2721 3603 2801 3653 Cf.
2824 3603 2980 3652 Leon.

2722 3678 2836 3732 307,
2860 3681 2973 3733 349·

2716 3884 2797 3936 cf.
2820 3885 2977 3936 Leon.

2716 3951 2827 4013 ³48-
