3342 5392
437 409 532 462 111.
562 410 737 475 ma]
1062 409 1488 466 ROMANAE
1529 407 2013 467 ECCLESJAE.
2504 413 2631 483 305

1234 599 1428 678 Infra
1457 599 1814 657 actionem.

522 713 719 778 Hanc
768 713 966 799 igitur
1015 713 1444 792 oblationem,
1495 733 1699 797 quam
1743 712 1866 777 tibi
1919 709 2273 786 offerimus,
2319 707 2628 787 Domine,
2677 726 2741 775 R.

431 837 554 900 pro
605 819 828 882 anima
880 816 1110 883 famuli
1170 817 1267 882 tui
1327 816 1543 894 Illius,
1612 816 1939 900 benignus
2007 835 2285 892 assume,
2343 832 2630 895 eumque
2678 791 2977 923 {3532}ss

430 921 944 1003 regenerationis
1003 919 1228 984 fonte⁰
1289 927 1665 1003 purgatum,
1726 930 1795 983 et
1846 916 2153 1002 periculis
2205 917 2381 982 vitae
2432 915 2628 981 huius

430 1034 730 1102 exutum,
787 1024 1137 1089 beatorum
1201 1043 1476 1089 numero
1547 1024 1838 1108 digneris
1905 1025 2192 1088 inserere
2256 1021 2627 1104 spirituum.

431 1127 653 1212 Quam
687 1127 1107 1193 oblationem.
1156 1153 1196 1210 γ

287 1233 403 1290 756
1275 1238 1779 1293 Posteommun.

520 1350 900 1434 Propitiare,
937 1349 1244 1426 Domine,
1274 1350 1538 1414 animae
1581 1349 1809 1414 famuli
1854 1347 1951 1413 tui
1981 1347 2195 1426 Illius,
2226 1356 2299 1410 ut
2327 1366 2527 1429 quem
2566 1345 2630 1408 in
2682 1351 2744 1401 R.

431 1451 670 1519 finem*
702 1455 886 1518 istius
903 1455 1082 1518 vitae
1104 1454 1616 1537 regenerationis
1635 1452 1819 1518 fonte
1841 1452 2188 1526 mundasti,
2215 1452 2299 1516 ad
2331 1449 2632 1514 caelestis
2682 1416 2971 1545 ffiss'gg’

431 1558 612 1640 regni
645 1557 1118 1622 beatitudinem
1149 1556 1350 1621 facias
1379 1557 1733 1642 pervenire.
1825 1558 1964 1621 Per.
2009 1583 2048 1637 y

499 1708 514 1735 ¹
547 1709 774 1774 defuncto
796 1717 960 1774 nuper
977 1710 1222 1774 baptizato
1242 1709 1306 1757 R.
1323 1725 1338 1768 ς
1371 1708 1434 1758 V.
1453 1725 1508 1758 as
1529 1715 1649 1769 text,
1671 1710 1888 1774 perhaps
1909 1709 2143 1772 omitting
2163 1707 2341 1756 anima
2365 1723 2423 1756 or
2444 1707 2628 1772 requie,

499 1776 650 1841 thaps
671 1775 852 1840 simply
875 1776 1018 1840 using
1041 1775 1125 1824 the
1242 1773 1360 1823 itive
1383 1775 1462 1824 for
1481 1773 1566 1823 the
1589 1775 1809 1824 ablative
1829 1789 1955 1824 case.
2105 1775 2125 1800 ²
2159 1773 2221 1823 R.
2246 1773 2385 1822 Pam.
2410 1775 2533 1822 omit
2555 1779 2631 1830 εἰς

435 1791 498 1890 ge.
537 1857 594 1890 as
626 1847 746 1891 text.
943 1838 964 1866 ⁸
995 1856 1122 1905 quae
1207 1876 1238 1899 .,
1273 1839 1518 1905 probably
1551 1840 1628 1889 for
1659 1855 1770 1904 que,
1809 1839 1973 1889 which
2010 1837 2272 1888 elsewhere
2305 1839 2353 1886 in
2395 1839 2480 1888 the
2520 1837 2630 1887 MS.

435 1904 770 1970 occasionally
791 1915 1063 1970 represents
1085 1920 1245 1970 quem.
1482 1903 1502 1933 ¹
1535 1903 1783 1968 infirma,
1809 1904 2055 1982 probably
2075 1903 2535 1967 ungrammatically
2556 1902 2632 1952 for

435 1971 494 2019 in
501 1969 635 2035 fine,
657 1971 822 2020 which
844 1971 888 2020 is
909 1971 994 2020 the
1017 1971 1223 2034 reading
1243 1969 1302 2019 of
1318 1970 1456 2019 Pam.
1481 1969 1530 2018 in
1555 1969 1638 2020 the
1662 1971 2118 2020 Postcommumon.
2355 1968 2376 1996 ⁸
2406 1968 2628 2028 coetibus,

437 2037 648 2150 {milttffl
666 2036 733 2099 by
751 2036 826 2094 V.,
847 2038 892 2084 is
913 2035 1130 2086 restored
1155 2035 1280 2084 from
1299 2035 1393 2094 R.;
1427 2036 1565 2085 Pam.
1584 2035 1677 2084 has
1698 2036 1935 2085 consortio
1947 2036 2143 2084 sociare.
2277 2034 2297 2063 ⁸
2312 2033 2511 2098 sontem
2536 2034 2595 2082 V.
2616 2050 2631 2094 ;

487 2139 499 2150 .
565 2117 662 2150 am.
687 2116 742 2151 as
761 2107 878 2152 text.

1385 2403 1664 2459 XCVII.

1174 2533 1364 2596 ITEM
1410 2546 1586 2596 ALIA
1635 2533 1887 2597 MISSA.

523 2667 726 2746 Deus,
779 2669 967 2733 cuius
1020 2670 1338 2736 bonitatis
1381 2669 1600 2733 nullus
1653 2678 1756 2734 est
1801 2689 2130 2747 numeruS,
2174 2669 2331 2751 quia
2374 2689 2633 2752 semper

433 2771 877 2835 misericordia
938 2773 1058 2837 tibi
1118 2783 1220 2838 est
1280 2793 1480 2838 causa
1541 2774 1912 2850 miserendi,
1962 2773 2210 2837 exaudi
2264 2793 2386 2857 pro
2438 2773 2631 2837 Illius

431 2873 660 2938 famuli
693 2875 788 2938 tui
818 2875 1110 2939 animam
1139 2875 1160 2913 ¹
1207 2874 1670 2958 supplicantes,
1708 2885 1779 2940 ut
1820 2876 2005 2940 illum
2046 2877 2260 2958 gratia
2301 2886 2419 2940 tua
2460 2878 2631 2941 sicut

433 2976 710 3042 donavit
738 2977 1090 3060 baptismo,
1126 2979 1221 3042 ita
1248 2980 1453 3043 donet
1485 2986 1551 3043 et
1583 2999 1803 3062 regno.
1894 2978 2037 3042 Per.

520 3097 724 3176 DeuS,
754 3098 869 3179 qui
900 3098 1200 3162 caelestis
1230 3099 1411 3181 regni
1437 3099 1695 3162 nonnisi
1728 3101 1970 3162 renatis
2000 3098 2237 3180 pandis
2270 3097 2628 3174 introitum,
2680 3123 2741 3173 cs.
2768 3134 2805 3172 1,
2828 3124 2899 3173 lvi

432 3219 604 3282 auge
638 3219 838 3282 super
870 3201 1092 3263 anima
1114 3198 1140 3235 2
1177 3199 1402 3264 famuli
1442 3203 1540 3264 tui
1582 3200 1782 3263 Illius
1818 3202 2071 3282 gratiae
2105 3212 2262 3265 tuae
2294 3201 2514 3277 dona3
2559 3211 2631 3266 ut
2680 3197 2849 3254 supra.

433 3322 607 3386 quae
649 3303 738 3367 ab
783 3303 1096 3367 omnibus
1138 3313 1242 3369 est
1287 3313 1571 3386 purgata
1615 3304 1919 3387 peccatiS,
1963 3325 2005 3369 a
2056 3302 2251 3368 nullis
2288 3305 2377 3368 sit
2421 3303 2633 3370 aliena

433 3405 791 3488 promissis.
884 3405 1028 3470 Per.

1385 3501 1677 3557 Secreta.

521 3610 913 3678 Oblationes
958 3623 1236 3692 nostraS,
1280 3633 1699 3698 quaesumuS,
1743 3614 2053 3691 Domine,
2091 3615 2489 3698 propitiatus
2534 3615 2628 3678 in-

432 3716 650 3794 tende,
678 3736 845 3799 quas
889 3717 1012 3781 tibi
1056 3717 1390 3782 offerimus
1433 3737 1557 3800 pro
1599 3717 1820 3782 anima
1866 3717 2095 3782 famuli
2142 3719 2237 3782 tui
2282 3717 2516 3782 Illius:
2564 3729 2631 3783 et

432 3818 536 3882 cui
566 3819 830 3883 donasti
872 3819 1190 3904 baptismi
1220 3830 1728 3900 sacramentum,
1759 3822 1848 3886 da
1879 3823 1937 3886 ei
1974 3830 2389 3886 aeternorum
2422 3821 2630 3908 pleni-

431 3923 731 3988 tudinem
761 3924 1173 4006 gaudiorum.
1265 3924 1407 3990 Per.

1273 4114 1775 4170 Postoommun.

517 4225 910 4290 Ascendant
962 4226 1048 4290 ad
1097 4235 1184 4301 te,
1238 4227 1544 4301 Domine,
1593 4247 1820 4310 preces
1865 4236 2121 4292 nostras
2148 4229 2191 4302 ³,
2236 4239 2303 4293 et
2354 4229 2578 4296 anima
2602 4231 2627 4270 ³
2679 4249 2739 4299 R.

430 4326 658 4394 famuli
681 4331 780 4394 tui
803 4330 999 4395 Illius
1021 4330 1268 4414 gaudia
1289 4339 1558 4394 aeterna
1582 4331 1944 4414 suscipiant
1963 4331 1990 4369 ³
2016 4355 2033 4412 3
2080 4343 2153 4396 ut
2182 4352 2381 4416 quem
2414 4335 2625 4401 fecisti
2680 4316 2831 4366 Gerb.
2858 4329 2967 4379 3¹9-

429 4433 808 4518 adoptionis
819 4433 1212 4517 participem
1233 4432 1461 4499 iubeas
1480 4434 1869 4500 hereditatis
1890 4445 2046 4499 tuae
2067 4455 2211 4501 esse
2228 4448 2625 4503 consortem.
2680 4397 2772 4431 xcv
2795 4387 2961 4446 supra.

429 4538 568 4600 Per.

493 4669 508 4698 1
543 4672 790 4732 animam,
813 4687 871 4721 so
895 4673 958 4720 V.
981 4671 1510 4738 (ungmmmatically).
1663 4675 1684 4702 ¹
1716 4676 1908 4737 anima,
1933 4691 1991 4724 so
2015 4676 2078 4726 V.
2104 4677 2629 4744 (ungrmnmatically).

427 4736 448 4764 ³
480 4739 572 4788 See
592 4748 710 4790 note
730 4739 750 4765 ⁸
772 4755 836 4788 on
860 4754 953 4788 xcv
974 4747 1145 4803 supra,

1507 4837 1557 4886 x
