3342 5392
753 441 881 510 254
1318 437 1572 492 LIBER
1617 436 1723 492 SA
1733 437 1887 492 CRA
1895 437 2253 492 MENTOR
2262 439 2393 493 ΠΜ
2616 439 2739 504 [ιιι.
2766 441 2960 491 mvn.

1611 611 2113 666 Pontoommun.

387 730 520 780 Men.
549 740 660 793 207·
839 721 1186 808 Supplices
1232 731 1300 786 te
1341 743 1672 808 rogamuS,
1710 723 1961 798 ³Deus‚
2002 731 2075 786 ut
2104 743 2273 805 quos
2308 724 2440 788 tuis
2494 722 2705 786 reficis
2743 745 2961 788 sacra-

751 829 1016 905 mentiS,
1060 837 1129 891 et
1148 826 1178 864 ⁴
1225 825 1350 890 tibi
1393 826 1652 910 placitis
1692 824 1985 890 moribus
2022 827 2376 910 dignanter
2416 825 2748 892 informes.
2840 829 2964 892 Per

751 931 1118 994 Dominum
1150 941 1450 995 nostrum
1488 931 1711 996 Iesum
1748 930 2108 996 Christum.
2154 957 2196 1011 γ

837 1103 1275 1170 ORATIONES
1323 1117 1406 1168 IN
1453 1105 1753 1168 NATAm
1801 1103 2269 1168 PREsnvrmu
2315 1117 2699 1182 QUALITER
2744 1119 2887 1170 SIBI

1259 1221 1540 1273 MISSAM
1589 1221 1886 1272 DEBEAT
1930 1221 2368 1272 CELEBRARE
2391 1209 2437 1272 ⁶.
2842 1237 2849 1246 ·

383 1355 523 1404 Pam.
548 1367 682 1432 432,
837 1345 1043 1424 DeuS,
1081 1346 1264 1410 cuius
1308 1345 1576 1410 arbitrio
1628 1345 1930 1410 omnium
1977 1345 2388 1410 saeculorum
2439 1347 2604 1411 ordo
2650 1348 2959 1422 decurrit,

378 1422 686 1550 gau-zena
751 1451 1000 1533 respice
1038 1449 1363 1533 propitius
1404 1452 1490 1515 ad
1535 1469 1643 1512 me
1684 1447 2006 1513 famulum
2044 1459 2258 1524 tuum,
2288 1469 2487 1532 quem
2526 1451 2613 1515 ad
2650 1453 2954 1516 ordinem

382 1551 449 1600 ef.
475 1552 629 1601 Leon.
748 1553 1178 1637 presbyterii⁶
1208 1573 1597 1636 promovere
1619 1553 1933 1636 dignatus
1962 1573 2033 1617 es
2056 1577 2073 1630 ;
2116 1563 2185 1616 et
2208 1565 2281 1618 ut
2304 1552 2425 1618 tibi
2450 1574 2600 1618 mea
2629 1557 2910 1620 servitus
2930 1554 2958 1594 '⁸'

383 1629 499 1680 ‘⁸³¹'
665 1713 674 1720 .
747 1656 1026 1740 placeat,
1058 1667 1175 1721 tua
1204 1658 1270 1720 in
1301 1677 1410 1721 me
1443 1656 1949 1721 misericorditer
1975 1657 2155 1720 dona
2184 1677 2515 1724 conserva.
2605 1657 2745 1724 Per.

837 1777 1130 1842 Domine
1179 1777 1367 1843 Deus
1421 1787 1663 1856 noster,
1708 1759 1915 1842 Gerax
1961 1779 2341 1862 promissor,
2382 1779 2739 1863 propitiare
2774 1782 2957 1865 operi

747 1890 886 1957 tu0‚
919 1892 987 1947 et
1019 1881 1180 1945 mihi
1211 1879 1463 1945 famulo
1493 1890 1611 1945 tuo
1641 1881 1954 1946 servienti
1986 1881 2112 1946 tibi
2144 1883 2397 1946 tribuas
2427 1895 2957 1967 perseverantem

745 1985 814 2048 in
845 1995 962 2050 tua
989 1984 1329 2049 voluntate
1357 1984 1770 2061 famulatum,
1801 1994 1877 2048 ut
1908 1985 2141 2049 diebus
2172 1986 2413 2049 nostris
2452 1997 2521 2051 et
2544 1985 2569 2024 ⁸
2611 1987 2847 2051 merito
2887 1999 2957 2052 et

749 2108 1024 2154 numero
1053 2087 1340 2171 populus
1369 2089 1491 2152 tibi
1521 2089 1808 2152 serviens
1836 2099 2175 2172 augeatur.
2268 2089 2408 2154 Per.

1579 2251 1799 2320 Super
1842 2251 2071 2308 oblata
2087 2245 2129 2304 ⁹.
2986 2267 3113 2323 712

383 2376 525 2426 Pam.
548 2389 663 2439 431·
838 2363 1104 2444 Perfice,
1139 2363 1449 2442 Domine,
1480 2384 1905 2446 quaesumus,
1948 2364 2277 2446 benignus
2316 2364 2381 2429 in
2422 2365 2633 2443 nobis,
2663 2375 2739 2430 ut
2780 2387 2953 2450 quae

383 2442 538 2492 leon.
561 2455 676 2506 ⁴³⁵·
747 2469 948 2534 sacris
1015 2468 1348 2551 mysteriis
1423 2467 1832 2550 profitemur,
1889 2467 2016 2550 piis
2090 2468 2461 2532 actionibus
2524 2489 2955 2553 exequamur.

751 2571 893 2636 Per.

385 2707 524 2756 Pam.
549 2719 664 2770 431·
841 2691 1037 2758 Hanc
1087 2692 1283 2776 igitur
1316 2691 1747 2768 oblationem,
1780 2691 2091 2767 Domine,
2129 2693 2459 2759 servitutis
2500 2713 2710 2772 meae,
2748 2714 2953 2778 quam

746 2796 870 2860 tibi
911 2795 1116 2859 offero
1158 2815 1285 2879 ego
1331 2795 1616 2859 famulus
1662 2806 1819 2859 tuus
1861 2805 1929 2859 et
1972 2799 2299 2874 sacerdOS,
2329 2818 2450 2880 pro
2492 2819 2575 2862 eo
2617 2801 2797 2880 quod
2846 2819 2956 2864 me

747 2899 992 2981 eligere
1020 2900 1334 2983 dignatus
1364 2920 1436 2962 es
1475 2900 1541 2961 in
1583 2900 1883 2963 ordinem
1916 2901 2326 2982 presbyterii,
2358 2911 2432 2965 ut
2462 2900 2793 2966 sacrificiis
2822 2903 2953 2966 tuis

745 3021 824 3066 ac
867 3003 1104 3066 divinis
1142 3002 1462 3066 altaribus
1503 3003 1899 3066 deservirem
1925 3001 2014 3066 ¹⁰:
2063 3024 2185 3086 pro
2216 3004 2343 3069 hoc
2384 3005 2592 3070 reddo
2631 3004 2751 3069 tibi
2796 3017 2951 3070 vota

747 3127 898 3170 mea
946 3107 1097 3170 Deo
1147 3126 1306 3170 vero
1353 3117 1421 3170 et
1471 3107 1642 3183 vivo,
1690 3107 2104 3171 maiestatem
2152 3116 2338 3171 tuam
2390 3109 2775 3192 suppliciter
2828 3111 2951 3173 im-

747 3211 1031 3293 ploranS‚
1084 3220 1157 3273 ut
1205 3229 1408 3291 opera
1459 3229 1779 3274 manuum
1835 3220 2097 3273 tuarum
2150 3210 2215 3273 in
2264 3231 2373 3274 me
2421 3213 2566 3297 ipso
2613 3214 2951 3277 custodias

747 3323 815 3378 et
874 3314 1187 3378 idoneum
1247 3333 1355 3377 me
1415 3333 1531 3396 per
1553 3311 1604 3350 ¹¹
1661 3313 1887 3376 omnia
1946 3312 2319 3377 ministrum
2378 3324 2534 3378 tuae
2590 3314 2951 3380 voluntatis

747 3417 1009 3482 efficias
1101 3417 1246 3480 Per.

1599 3511 2104 3567 Postoommun.

385 3637 662 3700 Pam.431.
837 3626 1189 3689 Munerum
1241 3633 1529 3700 tuorum,
1585 3625 1898 3698 Domine,
1950 3623 2255 3708 largitate
2278 3623 2328 3661 ¹²
2379 3635 2734 3704 sumentes,
2792 3647 2949 3712 sup·

384 3702 624 3833 2¹29?OE
747 3729 951 3811 plices
980 3728 1416 3811 deprecamur
1455 3739 1531 3792 ut
1575 3729 1819 3810 quibus
1849 3729 2111 3793 donasti
2150 3729 2345 3792 huius
2375 3729 2721 3793 ministerii
2752 3733 2948 3794 servi-

743 3841 956 3898 tutem
1019 3831 1408 3914 exequendi,
1469 3833 1721 3912 gratiae
1792 3842 1951 3895 tuae
2024 3832 2278 3896 tribuas
2336 3831 2735 3898 facultatem.
2827 3835 2951 3898 Per

745 3937 1130 4000 Dominum.

809 4053 826 4080 ²
862 4055 996 4104 Men.
1033 4053 1316 4103 substitutes
1351 4053 1429 4102 for
1467 4054 1566 4103 this
1599 4053 1871 4120 beginning
1903 4055 1989 4106 the
2022 4071 2159 4104 more
2200 4055 2429 4119 ordinary
2460 4054 2592 4104 form
2631 4056 2947 4116 Quaesumus

743 4120 1054 4170 clementiam
1077 4125 1237 4180 tuam,
1261 4121 1569 4182 omnipotens
1591 4121 1746 4169 Deus.
1986 4119 2005 4147 ¹
2038 4121 2167 4170 dona
2193 4121 2327 4169 Men.
2562 4119 2584 4148 ⁸
2616 4120 2749 4170 Men.
2774 4123 2950 4171 inserts

743 4187 1064 4249 omnipotens.
1263 4185 1281 4213 ⁴
1317 4186 1452 4233 Men.
1477 4187 1628 4234 omits
1647 4191 1711 4234 et.
1908 4185 1929 4215 ⁸
1961 4186 2087 4235 This
2108 4185 2275 4235 Missa
2298 4187 2340 4234 is
2360 4185 2577 4250 perhaps
2598 4185 2949 4251 intentionally

745 4251 976 4300 included
999 4253 1048 4300 in
1073 4250 1159 4300 the
1179 4266 1315 4300 same
1339 4250 1522 4298 section
1546 4250 1668 4299 with
1691 4250 1801 4299 that
1822 4252 2104 4314 preceding,
2130 4253 2213 4300 the
2230 4251 2453 4300 Collects
2474 4251 2534 4299 of
2550 4252 2713 4300 which
2736 4267 2869 4301 seem
2892 4261 2947 4302 to

745 4316 802 4366 fit
824 4318 863 4366 it
887 4317 962 4364 for
983 4333 1014 4365 a
1036 4315 1226 4365 similar
1247 4331 1476 4380 purpose.
1712 4313 1733 4342 ⁸
1752 4318 2122 4380 presbyteratus
2144 4317 2283 4365 Pam.
2516 4315 2535 4344 ¹
2568 4317 2827 4366 servitutis·
2852 4318 2913 4366 V.
2933 4333 2947 4376 ς

743 4383 881 4431 Pam.
906 4397 962 4430 as
983 4389 1100 4431 text.
1331 4381 1352 4410 ⁸
1381 4387 1443 4429 ut
1464 4381 1524 4428 V.
1755 4381 1775 4410 ⁰
1808 4382 1917 4430 The
1942 4397 2029 4430 use
2052 4383 2107 4431 of
2124 4382 2223 4431 this
2246 4382 2459 4444 heading
2482 4381 2557 4430 for
2578 4383 2663 4430 the
2686 4383 2879 4432 Secreta
2902 4383 2946 4432 is

743 4447 1056 4511 exceptional
1077 4447 1128 4496 in
1153 4447 1248 4506 V.;
1283 4446 1368 4496 the
1388 4447 1598 4495 absence
1619 4445 1678 4495 of
1704 4461 1801 4508 any
1822 4447 2037 4511 heading
2060 4447 2135 4495 for
2156 4447 2243 4495 the
2265 4449 2416 4496 Hanc
2442 4447 2609 4508 igitur
2626 4463 2741 4510 may
2764 4447 2826 4496 be
2846 4447 2944 4497 dne

743 4523 796 4561 to
822 4514 906 4562 the
927 4528 1066 4561 same
1086 4527 1245 4562 cause.
1513 4509 1548 4538 ¹⁰
1581 4512 1731 4562 Some
1752 4513 1915 4561 words
1936 4513 2055 4562 such
2074 4529 2129 4561 as
2140 4513 2373 4576 placatus
2393 4513 2605 4576 accipitu-
2634 4527 2765 4561 seem
2794 4519 2849 4562 to
2882 4514 2945 4562 be

742 4578 962 4642 required
987 4578 1103 4626 here
1125 4577 1201 4626 sor
1223 4578 1308 4628 the
1331 4575 1636 4641 completion
1658 4577 1719 4626 of
1738 4577 1822 4627 the
1842 4592 1981 4627 sense
2003 4595 2015 4626 ε
2050 4580 2138 4626 but
2164 4577 2282 4626 both
2314 4579 2364 4626 in
2397 4577 2457 4626 V.
2486 4577 2584 4626 and
2616 4578 2667 4626 in
2692 4579 2827 4626 Pam.
2856 4579 2945 4627 the

741 4653 968 4693 sentence
995 4643 1039 4692 is
1061 4643 1148 4693 lest
1173 4643 1488 4707 incomplete.
1703 4641 1737 4667 ¹¹
1762 4649 1859 4706 pro
1884 4643 1943 4693 V.
1964 4660 1975 4701 ;
2011 4644 2147 4694 Pam.
2173 4659 2229 4692 as
2251 4651 2368 4692 text.
2586 4640 2623 4669 ²³
2654 4643 2941 4704 larg-itatem

741 4709 878 4820 Parni.
899 4725 912 4766 ;
948 4709 1011 4757 V.
1029 4725 1084 4757 as
1107 4716 1210 4758 text
1236 4707 1775 4773 (ungrammatically);
1810 4707 1892 4756 the
1915 4709 2101 4758 similar
2125 4709 2321 4758 Collect
2344 4709 2395 4756 in
2418 4707 2572 4758 Leon.
2596 4708 2685 4757 has
2706 4707 2945 4770 largitate

733 4789 840 4834 gau
873 4781 1020 4824 entes.
