3342 5392
1325 431 1783 490 APPENDJX.
2528 437 2653 505 343

1243 603 1300 700 ‘A
1308 643 1420 701 lias
1466 637 1777 700 Orationes.

671 756 774 841 [D.
815 759 917 837 qui
958 775 1068 819 nos
1109 755 1547 817 resurrectionis
1587 751 1966 836 Dominicae]

665 857 892 918 Adesto
932 856 1084 916 Dne.
1127 855 1644 934 supplicationibus
1685 853 1901 914 nostris

665 955 746 1016 D.
785 956 952 1016 cuius
993 953 1175 1014 Filius
1218 955 1280 1012 in
1321 953 1438 1013 alta

1005 1102 1314 1164 Dominica
1339 1111 1473 1180 post
1509 1102 1820 1162 Ascensum
1864 1099 2121 1162 Domini.
2712 1104 2865 1156 Gerb.
2889 1119 2976 1171 pp.

669 1221 745 1282 O.
789 1237 837 1281 a.
877 1219 954 1280 D.
996 1220 1088 1280 fae
1127 1237 1240 1279 nos
1281 1219 1383 1279 tibi
1423 1235 1656 1295 semper
1697 1227 1754 1277 et
1794 1216 2065 1276 devotam
2718 1185 2829 1232 ¹²²⁹
2850 1183 2961 1234 ¹²³⁶

665 1319 744 1379 D.
785 1318 901 1378 vita
942 1319 1218 1390 fidelium,
1259 1317 1446 1395 gloria
1486 1315 1793 1375 humilium

672 1416 966 1477 Sacrificia
1007 1435 1118 1477 nos
1159 1414 1311 1475 Dne.
1350 1415 1727 1475 immaculata

631 1515 799 1575 ΛΗ).
839 1515 924 1575 Ut
964 1517 1102 1593 quia
1145 1515 1396 1595 primum
1437 1524 1571 1574 tuae
1615 1513 1841 1591 pietatis

669 1613 901 1692 Repleti
942 1613 1094 1674 Dne.
1139 1615 1480 1674 muneribus
1523 1613 1697 1672 sacris
1740 1613 1815 1671 da
1854 1631 1914 1690 q.

631 1714 892 1776 *Erectis
933 1715 1199 1774 sensibus
1240 1721 1300 1774 et
1340 1713 1524 1774 oculis
1567 1711 1759 1772 cordis

900 1859 1043 1945 [viii
1073 1861 1218 1923 Kal.
1258 1860 1393 1922 Iun.
1434 1861 1580 1923 Nat.
1621 1858 1690 1921 S.
1739 1857 1967 1919 Urbani
2001 1853 2217 1934 Papae.
2386 1839 2391 1844 ⁸
2714 1868 2851 1918 Gerb

667 1978 766 2038 Da
806 1996 864 2057 q.
907 1997 964 2039 o.
1006 1977 1081 2039 D.
1124 1987 1189 2038 ut
1228 1977 1330 2057 qui
1370 1979 1428 2038 b.
1469 1975 1701 2036 Urbani
2712 1951 2765 2000 p.
2795 1947 2903 1996 ¹23·

669 2075 924 2136 Munera
963 2095 1022 2154 q.
1063 2075 1215 2136 Dne.
1257 2075 1359 2135 tibi
1401 2075 1594 2136 dicata
1634 2070 1937 2133 sanctifica

671 2174 742 2234 B.
786 2173 1013 2234 Urbani
1053 2174 1330 2253 martyris
1369 2168 1483 2255 tui]
1537 2231 1546 2242 ,
1599 2233 1604 2240 ,

663 2323 960 2384 Orationes
984 2334 1096 2401 per
1133 2323 1392 2402 singulas
1431 2323 1682 2386 lectiones
1720 2322 1787 2379 in
1825 2317 2070 2380 sabbato
2110 2317 2462 2376 Pentecostes.
2720 2329 2878 2381 Gerb.

551 2461 556 2464 ·
671 2439 770 2500 Da
809 2438 982 2499 nobis
1021 2458 1079 2518 q.
1124 2436 1276 2498 Dne.
1317 2457 1421 2517 per
1452 2437 1702 2515 gratiam
2718 2411 2773 2462 Ρ·
2801 2409 2909 2460 ¹²4·

901 2554 1172 2632 Sequaur
1211 2553 1362 2615 Lect.
1403 2555 1436 2612 i
1469 2556 1532 2612 in
1580 2551 1793 2613 Genesi
1822 2552 1899 2612 In
1938 2552 2229 2632 principio

676 2651 753 2714 Ο.
793 2671 842 2714 s.
887 2651 964 2714 D.
1005 2653 1345 2713 indeficiens
1385 2653 1585 2712 lumen

925 2767 1020 2828 De
1065 2767 1202 2829 Gen.
1243 2770 1297 2827 ii
1331 2768 1667 2845 Temptavit
1706 2765 1871 2828 Deus
1910 2765 2211 2827 Abraham

671 2866 747 2928 D.
789 2867 894 2946 qui
933 2867 996 2925 in
1035 2867 1306 2928 Abrahae

807 2980 887 3041 In
926 2981 1138 3042 Exodo
1177 2983 1424 3043 Factum
1464 2993 1552 3042 est
1592 2983 1652 3040 in
1693 2981 1888 3060 vigilia
1922 3000 2050 3040 cum
2091 2982 2321 3041 cantt’co.

671 3078 751 3141 D.
795 3081 895 3159 qui
935 3081 1138 3159 primis
1175 3081 1538 3158 temporibus

1001 3195 1079 3254 In
1119 3194 1542 3254 Deuteronomio
1587 3194 1831 3272 Scripsit
1869 3193 2113 3272 Moyses

673 3293 750 3353 D.
791 3293 1061 3371 gloriatio
1101 3292 1360 3353 fidelium

1147 3408 1226 3466 In
1266 3407 1454 3467 Esaia
1495 3408 1956 3485 Apprehendent

636 3507 744 3568 *0.
787 3525 834 3568 s.
875 3507 950 3567 D.
992 3508 1093 3585 qui
1135 3525 1240 3586 per
1279 3507 1517 3566 unicum

1154 3622 1233 3682 In
1273 3622 1571 3682 Hieremia
1612 3621 1769 3682 Audi
1811 3621 1988 3681 Israel

669 3721 749 3782 D.
789 3720 890 3799 qui
931 3721 1100 3782 nobis
1139 3740 1244 3799 per
1283 3722 1696 3800 prophetarum

676 3820 792 3901 (De
831 3820 938 3880 Ps.
977 3818 1102 3899 xli)
1142 3820 1420 3882 Concede
1462 3839 1520 3898 q.
1561 3837 1616 3879 ο.
1659 3819 1737 3890 D.
1777 3830 1841 3879 ut
1885 3820 1989 3898 qui
2030 3819 2461 3880 solemnitatem

673 3917 829 3980 Dne.
868 3918 944 3978 D.
985 3921 1262 3979 virtutum
1303 3920 1403 3997 qui
1445 3919 1702 3996 collapsa
1742 3937 1977 3995 reparas

943 4016 1088 4078 Inde
1125 4017 1398 4078 descendis
1437 4036 1562 4077 cum
1602 4018 1844 4078 Lilania
1884 4017 2193 4096 adfantes.

627 4166 922 4228 Oraliones
961 4168 1044 4226 ad
1075 4167 1328 4227 Asis-sam
1361 4172 1496 4244 post
1531 4187 1815 4226 ascensum
1857 4165 2063 4226 Fonlt‘s
2083 4166 2124 4224 ¹.
2207 4164 2395 4225 Statio
2434 4169 2519 4225 ad
2720 4179 2871 4229 Gerb.

1405 4267 1731 4325 Lateranis.
2719 4261 2769 4310 p.
2802 4259 2908 4310 125.

677 4381 914 4442 Praesta
954 4401 1012 4460 q.
1054 4400 1110 4442 ο.
1157 4380 1232 4441 D.
1276 4390 1340 4441 ut
1382 4381 1658 4441 claritatis
1701 4393 1833 4441 tuae

675 4480 751 4540 D.
793 4481 956 4540 cuius
998 4481 1209 4558 Spiritu
1251 4491 1440 4540 totum
1480 4498 1695 4557 corpus
1729 4481 2007 4542 ecclesiae
2048 4480 2457 4558 multiplicatur
2584 4562 2590 4568 θ

676 4577 904 4639 Virtute
945 4597 989 4639 s.
1035 4577 1281 4656 Spiritus
1324 4577 1474 4638 Dne.
1517 4594 1764 4638 munera
1805 4589 2003 4640 nostra

1051 4752 1070 4780 ¹
1102 4755 1166 4804 R.
1189 4754 1280 4806 has
1291 4751 1350 4819 p’
1371 4755 1586 4804 Ascensa
1611 4755 1727 4803 Dea-z
1750 4753 1928 4803 Fontes
1952 4754 2083 4818 (sic).
