3342 5392
1326 447 1785 503 APPENDJX.
2526 461 2565 527 3
2570 453 2651 524 57

827 607 1068 694 [Eodem
1109 611 1202 672 die
1236 610 1380 672 Nat.
1423 609 1539 672 SS.
1580 611 1797 672 Luct'ae
1832 618 1886 671 et
1926 611 2267 674 Geminiani.
2704 621 2858 672 Gerb.
2885 636 2973 687 pp.

667 725 1070 787 Infirmitatem
1113 736 1372 788 nostram
1411 743 1468 804 q.
1511 723 1663 786 Dne.
1705 727 1987 806 propitius
2706 699 2813 754 ιη’
2838 689 2947 752 ¹⁷8'

664 823 824 886 Vota
861 825 1066 904 populi
1105 826 1188 884 tui
1229 823 1380 886 Dne.
1421 825 1707 904 propitius
1747 825 1982 886 intende

663 921 896 984 Exatidi
937 923 1090 984 Dne.
1130 941 1336 1003 preces
1375 933 1602 984 nostras
1643 933 1703 984 et
1742 921 2107 1006 sanctorum]

712 1081 1010 1142 Orationes
1034 1079 1260 1142 Mensis
1288 1079 1541 1158 Sqtt'mi.
1621 1079 1740 1141 Die
1763 1079 1934 1143 Dom.
1960 1081 2041 1140 ad
2065 1080 2129 1142 S.
2155 1081 2396 1143 Petrum
2414 1083 2453 1143 ¹.
2706 1098 2861 1150 Gerb.

665 1197 921 1258 Absolve
960 1217 1018 1276 q.
1059 1196 1210 1257 Dne.
1254 1208 1490 1258 tuorum
1529 1196 1744 1259 delicta
2706 1179 2759 1228 Ρ·
2788 1165 2895 1230 ¹78·

667 1293 746 1369 Q.
787 1312 845 1354 0.
887 1293 962 1355 D.
1003 1313 1205 1374 preces
1245 1305 1474 1357 nostras
1515 1295 1734 1373 respice

668 1393 787 1455 Pro
827 1405 1060 1455 nostrae
1100 1395 1384 1456 servitutis
1423 1403 1742 1471 augmento

667 1491 802 1552 VD.
843 1492 1004 1567 Quia
1043 1510 1230 1570 quum
1271 1493 1443 1554 laude

668 1589 746 1664 Q.
786 1609 844 1652 0.
886 1590 962 1651 D.
1005 1601 1070 1650 ut
1111 1609 1262 1670 quos
1303 1591 1500 1651 divina

695 1729 712 1740 ’
785 1741 892 1801 xii
924 1737 1066 1800 Kal.
1115 1739 1233 1800 Oct.
1289 1741 1410 1818 Vzgg.
1451 1740 1516 1801 S.
1558 1739 1854 1818 Matthaei
1884 1739 1997 1817 Ap.
2038 1747 2091 1800 et
2125 1740 2353 1820 Evang.
2582 1821 2589 1826 ι
2708 1754 2848 1804 Geth

667 1853 764 1914 Da
805 1855 978 1915 nobis
1018 1873 1078 1916 0.
1118 1854 1196 1917 D.
1238 1866 1304 1916 ut
1343 1856 1498 1916 beati
1539 1853 1824 1916 Matthaei
2708 1835 2762 1884 P·
2791 1819 2900 1869 18¹·

666 1953 1042 2031 Apostolicae
1084 1955 1432 2015 reverentiae
1471 1954 1705 2015 culmen

668 2049 738 2112 Β.
781 2050 1064 2112 Matthaei
1105 2052 1489 2130 evangelistae
1531 2072 1588 2130 q.
1630 2051 1767 2111 Dne

897 2212 982 2270 xi
1011 2208 1152 2269 Kal.
1201 2211 1317 2272 Oct.
1361 2210 1504 2270 Nat.
1548 2209 1611 2271 S.
1653 2209 1945 2270 Matthaei
1978 2209 2209 2288 Evang.
2708 2221 2865 2272 Gerb.

665 2323 834 2385 Beati
879 2323 1264 2403 evangelistae
1307 2325 1588 2387 Matthaei
1630 2325 1783 2386 Dne.
1823 2327 2089 2404 precibus
2710 2303 2762 2352 μ
2790 2287 2901 2338 ¹8¹⁶

671 2421 1201 2501 Supplicationibus
1241 2424 1574 2502 apostolicis
1614 2426 1671 2484 b.
1717 2424 2000 2485 Matthaei

666 2520 802 2582 VD.
846 2520 966 2595 Qui
1006 2521 1310 2583 ecclesiam
1351 2533 1511 2588 tuam
1551 2523 1613 2581 in
1653 2524 1767 2582 tuis

666 2619 956 2699 Perceptis
996 2619 1148 2681 Dne.
1190 2621 1564 2682 sacramentis
1603 2623 1778 2682 beato
1821 2620 2120 2682 Matthaeo

1301 2769 1472 2828 Aliae
1515 2769 1823 2829 Orationes,

666 2884 751 2944 Sit
791 2883 944 2946 Dne.
987 2887 1044 2944 b.
1089 2883 1422 2945 Matthaeus
1462 2886 1811 2962 evangelista

671 2981 909 3043 Praesta
949 3002 1007 3060 q.
1050 3002 1106 3043 0.
1147 2981 1224 3041 D.
1266 2993 1330 3042 ut
1373 2984 1472 3060 qui
1515 2984 1723 3059 iugiter

1143 3131 1322 3190 Feria
1363 3135 1423 3190 iv
1465 3133 1546 3189 ad
1581 3129 1644 3191 S.
1687 3129 1975 3191 Mariam.
2715 3153 2871 3205 ραι),
2895 3169 2982 3219 pp.

667 3243 1099 3306 Misericordiae
1139 3255 1271 3304 tuae
1313 3245 1582 3305 remediis
1622 3263 1681 3322 q.
1722 3244 1874 3304 Dne.
1915 3244 2191 3322 fragilitas
2722 3222 2830 3284 ¹⁷⁸2
2856 3231 2967 3285 ¹⁷⁹·

669 3342 907 3404 Praesta
948 3361 1006 3420 q.
1048 3341 1202 3402 Dne.
1241 3340 1493 3402 familiae
1536 3343 1881 3420 supplicanti

634 3441 744 3502 Α).
784 3442 888 3520 qui
929 3441 1003 3502 de
1045 3441 1136 3501 his
1177 3451 1364 3502 terrae
1403 3439 1685 3501 fructibus

674 3537 836 3621 [VD.
879 3538 1000 3613 Qui
1043 3557 1154 3600 nos
1193 3539 1329 3600 ideo
1369 3537 1649 3620 collectis]

669 3637 976 3700 Sumentes
1017 3637 1171 3697 Dne.
1212 3637 1373 3698 dona
1412 3638 1684 3699 caelestia

1193 3786 1374 3846 Feria
1415 3791 1484 3846 vi
1517 3789 1600 3846 ad
1632 3786 1941 3864 Apostolos.
2716 3813 2873 3865 Gerb.

669 3902 905 3965 Praesta
948 3922 1003 3982 q.
1046 3922 1104 3962 ο.
1146 3902 1225 3962 D.
1267 3913 1332 3962 ut
1372 3903 1805 3963 observationes
2718 3897 2768 3946 P·
2798 3892 2905 3946 ¹⁷9·

672 4002 935 4079 Accepta
974 4001 1076 4061 tibi
1119 4001 1235 4061 sint
1275 3999 1426 4061 Dne.
1466 4020 1526 4079 q.
1569 4001 1748 4061 nostri
1788 4000 1947 4060 dona
1986 4001 2183 4061 ieiunii

669 4095 874 4182 [nzVD.
916 4098 1040 4160 Sub
1080 4110 1214 4160 tuae
1253 4099 1568 4160 maiestatis
1607 4101 1710 4178 pio
1748 4100 2021 4178 iustoque
2060 4098 2489 4182 moderamine]

671 4197 751 4273 Q.
790 4215 848 4260 o.
883 4196 957 4257 D.
997 4207 1062 4258 ut
1102 4197 1177 4258 de
1217 4199 1500 4277 perceptis
1541 4198 1879 4258 muneribus

974 4344 1216 4407 Sabbato
1254 4347 1339 4405 ad
1370 4345 1436 4407 S.
1475 4346 1715 4406 Petrum
1758 4349 1820 4407 in
1862 4349 1969 4409 xii
1999 4347 2149 4410 Lect.
2712 4372 2851 4422 σαι)
2930 4389 2979 4436 ρ.

670 4461 897 4524 Tribue
937 4481 996 4542 q.
1038 4460 1304 4523 fidelibus
1345 4463 1456 4522 tuis
2716 4409 2872 4504 1⁷92}
2910 4453 2959 4488 0-

672 4559 770 4622 Da
806 4561 978 4622 nobis
1017 4579 1076 4639 q.
1115 4578 1172 4620 0.
1213 4560 1288 4620 D.
1332 4571 1397 4620 ut
1437 4561 1749 4622 ieiunando

669 4658 744 4721 D.
784 4659 1075 4720 humanae
1116 4657 1316 4718 salutis
1356 4668 1628 4737 operator

1019 4770 1040 4800 2
1071 4773 1132 4822 R.
1159 4772 1284 4822 adds
1303 4771 1496 4822 ane-nt
1515 4772 1658 4822 xviii
1667 4779 1779 4838 post
1790 4778 2109 4838 pentecosten.
