3342 5392
643 411 732 481 54
1210 404 1466 467 LIBER
1505 404 2285 463 SACRAMENTORUM
2594 404 2661 471 [1.
2682 421 2851 459 ηενρ

644 570 716 634 in
787 588 992 632 unum
1055 566 1418 633 Dominum
1488 568 1707 633 Iesum
1786 563 2127 635 Christum
2210 570 2465 635 Filium
2626 568 2761 634 Dei

670 670 774 737 his
833 691 960 736 ena
1111 671 1373 753 Kyrion
1535 672 1689 736 Ihm
1886 673 2057 754 Xpm
2224 674 2455 739 tonion
2535 681 2611 738 tu
2684 673 2843 738 theu

765 794 1176 873 unigenitum
1433 791 1516 857 de
1569 792 1781 859 Patre
2050 804 2283 859 natum
2393 802 2545 859 ante
2601 794 2823 859 omnia

643 907 762 962 ton
824 896 1223 981 monogenin
1281 905 1400 960 ton
1455 916 1530 962 ec
1582 903 1656 961 tu
1712 904 1941 982 patros
2001 898 2343 981 genitenta
2400 918 2524 981 pro
2589 906 2841 981 panton

689 1015 944 1083 saecula
1028 1016 1244 1082 lumen
1272 1016 1351 1081 de
1379 1016 1631 1083 lumine
1711 1016 1929 1083 Deum
1974 1037 2203 1083 verum
2246 1018 2325 1082 de
2350 1017 2491 1084 Deo
2618 1039 2773 1083 vero

645 1128 764 1185 ton
794 1141 1011 1187 eonon
1145 1121 1245 1186 fos
1289 1141 1363 1186 ee
1402 1119 1576 1185 fotos
1725 1121 1931 1187 theon
1972 1121 2205 1187 alithin
2243 1142 2319 1186 ec
2348 1123 2510 1187 theu
2560 1120 2843 1187 alithinu

720 1250 950 1307 natum
1058 1263 1183 1306 non
1199 1240 1467 1323 sactum
1515 1241 2123 1307 consubstantialem
2188 1243 2427 1308 Patris
2499 1253 2629 1327 per
2657 1263 2845 1325 quem

648 1344 1034 1428 genithenta
1070 1344 1469 1429 upyithenta
1644 1346 2000 1429 omoysion
2178 1356 2251 1411 tu
2284 1345 2456 1429 patri
2622 1347 2845 1412 diuta-

645 1468 867 1531 omnia
883 1467 1080 1550 sacta
1107 1474 1264 1531 sunt
1323 1465 1442 1549 qui
1451 1476 1722 1550 propter
1746 1488 1863 1531 nos
2014 1466 2307 1531 homines
2485 1476 2553 1532 et
2561 1474 2835 1551 propter

647 1579 854 1655 panta
893 1579 1273 1653 egenonton
1355 1579 1472 1634 ton
1503 1569 1572 1633 di
1603 1570 1818 1634 himas
1910 1578 2019 1635 tus
2046 1571 2411 1654 antrophus
2451 1570 2578 1634 kae
2608 1572 2721 1636 dia
2750 1572 2845 1635 tin

685 1700 980 1756 nostram
1101 1690 1378 1755 salutem
1483 1688 1959 1755 descendentem
2166 1689 2249 1754 de
2451 1690 2647 1755 caelis
2766 1700 2832 1754 et

647 1795 1014 1859 himeteran
1101 1794 1388 1859 soterian
1539 1792 1917 1860 kateltonta
2064 1814 2141 1857 ec
2229 1803 2346 1859 ton
2429 1814 2686 1860 uranon
2761 1794 2847 1878 ke

647 1916 1068 1980 incarnatum
1151 1914 1231 1979 de
1279 1911 1544 1997 Spiritu
1586 1923 1808 1979 sancto
1934 1923 2001 1979 et
2038 1914 2281 1980 Maria
2549 1914 2810 1998 virgine

647 2027 1023 2084 sarcotenta
1065 2037 1478 2102 'ecpneuma
1529 2026 1635 2082 tos
1688 2018 1840 2101 agiu
1898 2016 2022 2083 kae
2076 2018 2324 2083 Marias
2376 2017 2463 2083 tis
2512 2038 2635 2102 par
2684 2028 2845 2084 tenu

693 2149 762 2205 et
867 2137 1303 2204 humanatum
1452 2137 1843 2223 crucifixum
1964 2138 2167 2203 etiam
2216 2149 2346 2221 pro
2456 2137 2640 2203 nobis
2730 2139 2848 2204 sub
2876 2148 2991 2203 541

648 2242 777 2307 kae
842 2242 1368 2327 inantropisanta
1433 2242 1895 2307 staurotentha
2010 2243 2098 2307 de
2156 2262 2322 2324 yper
2424 2242 2655 2306 himon
2740 2240 2847 2325 epi

647 2362 890 2427 Pontio
943 2362 1172 2428 Pilato
1257 2372 1322 2427 et
1401 2373 1679 2445 passum
1792 2371 1862 2427 et
1906 2362 2225 2445 sepultum
2318 2370 2385 2427 et
2411 2371 2847 2445 resurgentem

649 2468 881 2549 pontio
954 2467 1161 2549 pilatu
1213 2466 1342 2529 kae
1386 2466 1715 2549 pathonta
1772 2466 1899 2531 kae
1950 2475 2222 2549 tapenta
2278 2466 2406 2530 kae
2478 2474 2827 2531 anastenta

650 2588 848 2653 tertia
948 2587 1054 2653 die
1151 2587 1500 2652 secundum
1558 2587 1921 2670 scripturas
2044 2596 2110 2651 et
2148 2586 2585 2651 ascendentem
2687 2588 2761 2652 in

650 2691 841 2757 titriti
873 2690 1124 2756 himera
1258 2692 1421 2756 kata
1553 2698 1658 2755 tas
1689 2690 1977 2775 graphas
2018 2692 2147 2756 kae
2176 2689 2565 2755 anelthonta
2606 2691 2711 2756 his
2738 2700 2849 2755 tus

669 2810 866 2876 caelis
1013 2822 1082 2876 et
1104 2810 1421 2877 sedentem
1586 2811 1682 2876 ad
1712 2811 2047 2877 dexteram
2162 2812 2403 2877 Patris
2507 2822 2577 2877 et
2611 2813 2850 2877 iterum

651 2936 891 2980 uranus
938 2914 1064 2980 kae
1102 2916 1539 2981 katezomeno
1661 2935 1747 2980 en
1791 2916 1997 2980 dexia
2112 2925 2186 2980 tu
2232 2926 2459 3000 patros
2504 2914 2634 2981 kae
2669 2916 2850 2998 palin

673 3046 1023 3101 venturum
1107 3058 1252 3100 cum
1301 3035 1526 3119 gloria
1589 3036 1883 3102 iudicare
1954 3036 2138 3101 vivos
2211 3046 2279 3101 et
2320 3044 2605 3101 mortuos
2666 3037 2851 3101 cuius

653 3159 1045 3205 ercomenon
1098 3149 1280 3205 meta
1329 3140 1527 3205 doxis
1636 3141 1817 3205 crine
1926 3149 2156 3205 zontas
2214 3140 2341 3204 kae
2372 3159 2604 3205 necrus
2690 3140 2821 3204 vtis

697 3261 889 3344 regni
944 3282 1070 3327 non
1095 3262 1228 3326 erit
1265 3260 1439 3345 finis
1549 3270 1616 3325 et
1643 3262 1715 3326 in
1747 3262 2083 3345 Spiritum
2157 3269 2455 3325 sanctum
2487 3259 2849 3325 Dominum

654 3364 924 3430 basilias
947 3384 1028 3429 vc
1057 3366 1230 3430 estin
1252 3363 1472 3431 thelos
1495 3363 1622 3429 kae
1645 3365 1822 3430 histo
1844 3384 2130 3449 pneuma
2149 3373 2225 3428 to
2246 3363 2444 3447 agion
2467 3374 2588 3429 ton
2612 3364 2851 3446 kyrion

653 3494 721 3550 et
747 3483 1218 3568 vivificatorem
1402 3493 1470 3548 et
1492 3484 1705 3549 Patre
1967 3483 2409 3567 procedentem
2554 3485 2673 3566 qni
2700 3504 2849 3547 cum

707 3588 835 3653 kae
865 3607 1174 3671 zoopyon
1265 3597 1384 3653 ton
1415 3608 1491 3652 ec
1520 3600 1594 3654 tu
1623 3598 1850 3672 patros
1894 3605 2499 3670 emporegomenon
2558 3597 2675 3653 ton
2706 3608 2833 3670 syn

655 3710 865 3775 Patre
933 3718 1002 3772 et
1023 3708 1197 3773 Filio
1333 3708 1540 3774 simul
1686 3708 2035 3773 adoratum
2141 3718 2209 3771 et
2298 3706 2851 3793 conglorificatum

669 3814 844 3897 patri
898 3812 1027 3877 kae
1060 3811 1222 3895 yion
1288 3833 1572 3898 synpros
1642 3814 2073 3895 kynumenon
2119 3811 2245 3875 kae
2278 3832 2403 3894 syn
2432 3813 2853 3877 doxazomen

653 3936 774 4018 qui
797 3933 1042 3999 locutus
1068 3942 1168 3998 est
1298 3943 1420 4017 per
1432 3934 1781 4018 prophetas
1924 3934 1997 3999 in
2027 3954 2228 3998 unam
2295 3942 2592 3998 sanctam
2634 3932 2853 3999 catho-

762 4037 1074 4103 tolalesas
1228 4039 1342 4102 dia
1372 4047 1485 4102 ton
1517 4039 1877 4123 prophiton
1920 4038 2021 4102 his
2052 4038 2231 4101 mian
2328 4038 2523 4121 agian
2620 4038 2854 4101 catho-

654 4157 850 4223 licam
919 4167 986 4223 et
1009 4158 1420 4241 apostolicam
1492 4158 1819 4223 ecclesiam
1918 4156 2225 4241 confiteor
2270 4178 2473 4221 unum
2517 4155 2846 4241 baptisma

656 4259 812 4325 licin
896 4262 1025 4327 kae
1055 4262 1447 4345 apostolicin
1525 4261 1811 4326 eclesian
1909 4260 2226 4345 omologo
2328 4282 2411 4325 en
2520 4261 2857 4344 baptisma

657 4384 732 4447 in
802 4382 1244 4447 remissionem
1344 4392 1753 4464 peccatorum
1934 4391 2153 4463 spero·
2326 4384 2853 4447 resurrectionem

759 4486 863 4550 his
919 4486 1146 4569 apesin
1377 4485 1704 4549 amartion
1868 4486 2204 4569 prosdogo
2446 4494 2714 4550 anastas

655 4615 1060 4673 mortuorum
1102 4617 1169 4671 et
1195 4608 1404 4671 vitam
1472 4608 1715 4689 futuri
1863 4603 2105 4671 saeculi
2250 4606 2483 4669 Amen.
2590 4662 2595 4667 .

673 4712 777 4777 sin
808 4730 1054 4775 necron
1099 4710 1226 4775 kae
1255 4710 1405 4775 zoin
1438 4708 1749 4775 tumellos
1778 4718 1885 4775 tos
1915 4729 2157 4775 aeonas
2246 4708 2471 4774 Amin.
