3342 5392
1350 427 1815 486 APPENDJX.
2552 431 2679 506 359
2801 383 2811 390 ’

893 593 1127 680 [Eodem
1170 597 1256 655 die
1295 592 1440 657 Nat.
1483 593 1597 656 SS.
1637 593 1916 654 Marcelli
1946 601 1999 654 et
2032 592 2257 670 Apulei.

653 707 1034 770 *Sanctorum
1073 725 1184 768 nos
1225 707 1377 768 Dne.
1419 705 1687 766 Marcelli
1724 715 1785 765 et
1825 705 2037 782 Apulei

695 805 1064 867 Maiestatem
1105 817 1266 865 tuam
1306 805 1479 866 nobis
1518 804 1670 864 Dne.
1713 821 1771 882 q.
1812 803 1961 864 haec
2001 803 2193 864 hostia

653 903 1081 964 *sacramentis
1121 901 1276 963 Dne.
1316 903 1648 963 muniamur
1688 897 1971 982 acceptis]

1117 1043 1302 1104 Hebd.
1343 1043 1477 1104 xxi
1499 1049 1630 1120 post
1665 1041 2031 1102 Pentecosten.

693 1155 792 1217 Da
829 1175 887 1236 q.
927 1157 1079 1219 Dne.
1120 1158 1341 1238 populo
1381 1167 1483 1218 tuo
1523 1155 1809 1217 diabolica
1846 1156 2022 1216 vitare
2062 1156 2333 1234 contagia

689 1254 932 1316 Custodi
973 1274 1084 1317 nos
1120 1275 1177 1317 o.
1219 1255 1296 1318 D.
1337 1265 1402 1316 ut
1442 1266 1541 1317 tua
1580 1255 1820 1314 dextera

690 1353 1055 1415 Maiestatem
1099 1365 1258 1416 tuam
1301 1354 1452 1415 Dne.
1495 1353 1833 1432 suppliciter

655 1450 823 1514 *VD.
867 1462 927 1513 et
967 1454 1302 1532 suppliciter
1344 1471 1581 1514 exorare
1622 1463 1687 1511 ut
1728 1451 1811 1510 sic
1851 1451 2025 1512 bonis
2066 1451 2179 1511 tuis

691 1549 1253 1612 Sanctifioetionibus
1293 1552 1406 1612 tuis
1445 1570 1500 1612 o.
1543 1549 1617 1610 D.
1663 1561 1723 1610 et
1762 1549 1895 1608 vitia

891 1689 1124 1774 [Pridie
1161 1691 1256 1752 Id.
1304 1693 1420 1753 Oct.
1463 1689 1607 1752 Nat.
1650 1688 1715 1751 S.
1750 1689 1964 1750 Caltsli
1998 1688 2273 1768 Episcopi.

688 1804 763 1867 D.
804 1809 906 1885 qui
947 1827 1058 1869 nos
1098 1809 1387 1886 conspicis
1427 1826 1501 1867 ex
1543 1817 1743 1868 nostra

689 1903 940 1984 Mystica
980 1907 1154 1969 nobis
1197 1906 1348 1968 Dne.
1390 1907 1574 1985 prosit
1626 1905 1848 1966 oblatio

690 2003 768 2078 Q.
809 2023 868 2066 0.
909 2004 985 2066 D.
1026 2018 1090 2066 ut
1132 2016 1189 2067 et
1230 2015 1452 2066 reatum
1497 1999 1790 2085 nostrum]

1121 2145 1304 2206 Hebd.
1348 2147 1504 2206 xxii
1523 2153 1657 2224 post
1694 2144 2058 2205 Pentecosten.

699 2259 926 2338 Dirigat
969 2261 1147 2322 corda
1189 2271 1388 2322 nostra
1428 2258 1580 2320 Dne.
1621 2277 1681 2337 q.
1720 2269 1855 2320 tuae

691 2357 840 2420 Tuis
880 2357 1033 2420 Dne.
1075 2379 1132 2439 q.
1175 2359 1378 2420 adesto
1419 2358 1775 2437 supplicibus
1814 2366 1870 2418 et
1912 2357 2061 2418 inter

690 2460 767 2520 D.
809 2461 912 2539 qui
952 2479 1064 2522 nos
1105 2479 1210 2538 per
1249 2461 1419 2520 huius
1460 2460 1723 2520 sacrificii

687 2559 820 2618 VD.
865 2559 985 2632 Qui
1027 2569 1334 2638 propterea
1373 2559 1499 2619 iure
1539 2559 1716 2636 punis

684 2657 918 2719 Gratias
956 2658 1058 2718 tibi
1097 2657 1394 2718 referimus
1434 2656 1586 2717 Dne.
1628 2674 1797 2717 sacro
1836 2672 2077 2716 munere

583 2803 665 2862 xi
697 2797 842 2860 Kal.
883 2796 1022 2882 (sict
1081 2797 1158 2861 R.
1197 2798 1302 2860 has
1342 2799 1460 2860 xvi
1493 2787 1606 2880 K.)
1646 2796 1800 2858 Nov.
1840 2797 1986 2860 Nat.
2026 2797 2091 2858 S.
2132 2797 2325 2858 Lucae
2364 2751 2596 2877 Evang.

686 2915 1035 2976 Interveniat
1077 2933 1182 2993 pro
1223 2915 1395 2975 nobis
1435 2913 1588 2974 Dne.
1622 2932 1682 2992 q.
1726 2924 1960 2974 sanctus
2000 2923 2135 2974 tuus

685 3013 878 3073 Donis
919 3013 1260 3074 caelestibus
1301 3011 1378 3072 da
1417 3029 1473 3090 q.
1517 3011 1673 3071 Dne.
1716 3011 1895 3072 libera

685 3107 888 3191 [anD.
929 3108 1024 3169 Te
1064 3110 1124 3169 in
1168 3109 1569 3170 confessorum
1614 3107 1877 3190 tuorum]

687 3207 926 3268 Praesta
967 3225 1024 3286 q.
1066 3227 1121 3269 o.
1164 3217 1276 3267 aet.
1319 3207 1396 3266 D.
1437 3219 1501 3267 ut
1540 3208 1603 3267 id
1641 3209 1807 3284 quod

1095 3337 1278 3399 Heba.
1319 3340 1498 3399 xxiii
1518 3345 1654 3415 post
1690 3339 2057 3400 Pentecosten.

685 3455 760 3517 O.
805 3463 864 3515 et
902 3473 982 3514 m.
1024 3453 1102 3516 D.
1144 3455 1410 3514 universa
1450 3454 1622 3514 nobis
1662 3454 2026 3517 adversantia

649 3553 778 3614 *Da
819 3570 877 3631 q.
915 3571 976 3613 o.
1015 3551 1091 3611 D.
1131 3553 1219 3612 sic
1261 3571 1372 3614 nos
1417 3563 1578 3612 tuam
1619 3554 1851 3612 veniam

693 3652 864 3712 Haec
905 3669 1148 3711 munera
1187 3669 1245 3730 q.
1287 3651 1436 3710 Dne.
1479 3669 1630 3728 quae
1669 3653 1853 3713 oculis

683 3751 815 3810 VD.
858 3749 1242 3810 Clementiam
1285 3760 1442 3809 tuam
1484 3750 1815 3829 suppliciter
1854 3769 2095 3813 exorare

685 3849 825 3909 Tua
865 3867 975 3909 nos
1014 3847 1169 3908 Dne.
1211 3849 1571 3909 medicinalis
1611 3851 1873 3927 operatio

844 3993 914 4050 vi
945 3988 1088 4048 Kal.
1131 3989 1286 4050 Nov.
1345 3990 1466 4067 Vig.
1509 3991 1705 4067 Apost.
1748 3989 1998 4051 Simonis
2038 3999 2092 4050 et
2128 3991 2319 4052 Iudae.

683 4102 960 4165 Concede
1003 4124 1059 4183 q.
1102 4123 1158 4165 o.
1200 4104 1277 4164 D.
1321 4116 1384 4164 ut
1427 4105 1573 4165 sicut
1613 4107 2010 4184 apostolorum

685 4201 1030 4262 Muneribus
1071 4205 1280 4263 nostris
1323 4201 1472 4263 Dne.
1517 4205 1915 4281 apostolorum

683 4299 881 4384 [thD.
925 4301 1086 4374 Quia
1124 4312 1185 4360 tu
1225 4319 1290 4362 es
1331 4299 1636 4383 mirabilis]

691 4399 944 4479 Sumpto
985 4398 1138 4461 Dne.
1181 4413 1549 4462 sacramento
1591 4401 1923 4480 suppliciter

853 4550 890 4592 v
931 4531 1072 4594 Kal.
1117 4530 1268 4596 Nov.
1313 4531 1454 4593 Nat.
1498 4534 1692 4610 Apost.
1736 4533 1983 4595 Simonis
2022 4543 2075 4596 et
2109 4536 2302 4596 Iudae.

681 4649 756 4706 D.
799 4648 898 4727 qui
944 4667 1052 4709 nos
1095 4667 1201 4726 per
1241 4651 1445 4710 beatos
1487 4651 1785 4727 apostolos

683 4747 756 4807 O.
800 4767 844 4807 s.
889 4747 962 4806 D.
1005 4749 1207 4807 mundi
1249 4759 1476 4808 creator
1515 4759 1574 4807 et
1617 4761 1805 4809 rector

2730 599 2884 650 (3erb.

2730 681 2782 732 p.
2810 665 2921 730 185.

2731 1047 2886 1099 oab.

2733 1129 2786 1180 Ρ·
2812 1115 2924 1180 18⁵·

2736 1762 2845 1826 18⁵,
2733 1693 2997 1811 Geffiispdff‘

2732 2146 2889 2198 Gerb.

2732 2210 2921 2278 p.186.

2728 2805 2882 2857 Geth.

2726 2886 2785 2937 Ρ·
2809 2873 2919 2938 ¹87·

2730 3349 2885 3400 (3erb.

2730 3430 2781 3481 p.
2812 3417 2920 3466 188.

2728 4000 2877 4050 (hub.
2903 4015 2989 4064 ςηι

2732 4065 2970 4131 188‚189.

2722 4548 2877 4600 (Jerb.

2722 4617 2913 4682 p.189.
