3342 5392
321 574 465 624 Pam.
489 571 602 623 218.

321 639 460 689 Men.
482 639 562 701 38.

321 789 461 839 Pam.
489 786 600 838 218.

325 1356 390 1407 R.
417 1354 470 1405 S.

326 1422 480 1536 ἓξὲξ·
494 1430 588 1536 31⁷2}

323 1522 468 1603 Men:
485 1561 565 1615 37.
589 1520 606 1535 ·

324 1864 636 1930 R.S.(a12·h2·.)

325 1931 482 1981 Gerb.
511 1945 621 1995 104.

325 1998 467 2047 Pam.
491 2011 607 2061 400.

323 2062 414 2113 lvii
436 2062 597 2127 infra.

325 2275 389 2324 R.
413 2272 466 2323 S.

329 2340 482 2390 Gerb.
507 2346 586 2401 37.

328 2405 469 2455 Pam.
496 2404 609 2453 218.

331 2469 469 2520 Men.
494 2470 574 2531 38.

327 2536 484 2585 Leon.
509 2535 624 2597 482.

327 2600 446 2651 xxvi
464 2600 624 2665 insta.

330 2868 396 2917 R.
417 2865 470 2917 S.

332 2932 488 2983 Gerb.
513 2932 598 2995 38.

331 3086 416 3135 xix
439 3083 602 3149 infra.

333 3168 431 3201 xxv
453 3149 613 3215 infra.

332 3216 486 3267 xxviii
513 3214 612 3279 inf.

332 3283 471 3333 Pam.
497 3294 610 3345 34²·

334 3644 398 3694 R.
420 3642 474 3693 S.

337 3708 489 3759 Gerb.
517 3707 596 3771 38.

334 3775 475 3825 Pam.
502 3787 614 3837 219.

335 3840 471 3889 Men.
497 3851 575 3903 39.

334 3904 472 3955 xxvii
488 3903 647 3968 infru.

338 4088 477 4138 Men.
501 4100 584 4152 51.

338 4154 479 4203 Pam.
508 4166 620 4217 235.

339 4218 492 4269 Leon.
515 4220 630 4282 448.

340 4498 404 4547 R.
429 4494 481 4546 S.

338 4562 493 4613 Gerb.
518 4562 597 4624 38.

340 4629 480 4677 Pam.
509 4641 620 4691 219.

343 4694 479 4745 Men.
505 4706 584 4755 39.

342 4758 495 4809 Leon.
517 4759 629 4821 482.

679 384 760 451 18
1244 392 1500 450 LIBER
1539 392 2313 451 SACRAMENTORUM

2644 396 2715 461 [1.
2740 394 2880 447 xviii.

679 557 1102 641 proficiamus
1141 578 1474 635 arcanum,
1503 566 1572 624 et
1601 559 1877 625 affectus
1894 556 1923 595 ²
1964 560 2107 625 eius
2140 560 2343 643 digna
2382 558 2880 625 conversatione

679 671 1026 727 sectemur.
1116 664 1259 727 Per.

769 773 1212 858 Omnipotens
1246 774 1649 859 sempiterne
1686 776 1893 852 Deus,
1924 777 2041 859 qui
2082 775 2273 841 nobis
2314 776 2381 840 in
2424 773 2883 840 observatione

683 877 906 943 ieiunii
963 887 1035 942 et
1091 879 1664 961 eleemosynarum
1715 880 1969 945 semine
2028 879 2310 965 posuisti
2358 888 2733 944 nostrorum
2783 897 2882 941 re-

683 983 906 1047 media
947 992 1390 1065 peccatorum,
1432 984 1727 1048 concede
1774 1004 1899 1049 nos
1945 1004 2147 1068 opere
2195 984 2436 1048 mentis
2478 993 2549 1049 et
2588 982 2883 1066 corporis

682 1105 948 1170 semper
976 1086 1100 1151 tibi
1132 1106 1277 1151 esse
1303 1088 1607 1153 devotoS.
1696 1087 1843 1151 Per.

1637 1233 1931 1290 Secreta.

772 1334 1199 1413 Sacrificium,
1251 1336 1564 1415 Domine,
1616 1336 2211 1421 quadragesimalis
2273 1336 2443 1401 initii
2504 1334 2887 1401 solemniter

684 1438 1128 1518 immolamuS,
1177 1448 1264 1519 te,
1323 1440 1633 1518 Domine,
1692 1442 2147 1524 deprecantes„
2200 1450 2273 1506 ut
2332 1459 2485 1503 cum
2536 1440 2883 1523 epularum

684 1544 1092 1608 restrictione
1121 1543 1484 1609 camalium
1523 1566 1566 1609 a
1604 1545 1827 1609 noxiis
1866 1564 2137 1629 quoque
2164 1542 2622 1626 voluptatibus
2642 1541 2669 1580 ³
2712 1553 2883 1609 tem-

683 1667 1006 1733 peremur.
1093 1646 1232 1711 Per.
1262 1674 1305 1730 γ

1536 1743 2042 1799 postcommun.

777 1846 1052 1911 Praesta
1097 1846 1305 1926 nobis,
1355 1846 1785 1930 omnipotens
1838 1846 2041 1925 Deus,
2090 1855 2165 1911 ut
2212 1844 2672 1909 vivificationis
2709 1854 2885 1910 ·tuae

685 1951 969 2033 gratiam
1009 1960 1508 2033 consequentes,
1543 1951 1612 2014 in
1653 1951 1797 2015 eius
1836 1971 2109 2015 munere
2150 1969 2413 2033 semper
2434 1946 2463 1987 ⁴
2506 1948 2885 2033 gloriemur.

687 2055 831 2119 Per·
861 2081 904 2138 γ
1532 2148 1646 2205 Ad
1673 2148 2037 2217 Populum.

778 2252 997 2337 Super
1033 2251 1402 2336 populum⁶
1446 2260 1658 2332 tuum,
1704 2254 2011 2331 Domine,
2050 2272 2469 2336 quaesumus,
2512 2250 2888 2317 benedictio

690 2355 963 2439 copiosa
1013 2358 1377 2423 descendat
1423 2356 1866 2440 [indulgentia
1912 2358 2135 2421 veniat
2155 2355 2231 2437 ⁶1,
2269 2355 2638 2422 consolatio
2680 2355 2888 2419 tribu-

689 2468 858 2538 atur,
888 2459 1057 2525 fides
1085 2470 1315 2526 sancta
1343 2471 1729 2538 succrescat,
1760 2460 2132 2544 redemptio
2154 2461 2551 2544 sempiterna
2580 2458 2887 2524 firmetur.

693 2564 819 2628 Per
849 2564 1227 2630 Dominum
1254 2573 1624 2647 nostrum.y

1309 2740 1512 2805 Feria
1540 2740 1598 2804 ii
1626 2740 1697 2804 in
1734 2738 2269 2822 Quadragesima.

781 2850 1157 2929 Sanctifica,
1196 2851 1508 2926 Domine,
1548 2870 1970 2934 quaesumus,
2006 2860 2235 2915 nostra
2278 2850 2539 2928 ieiunia,
2584 2857 2653 2915 et
2694 2866 2891 2913 cunc·

691 2962 911 3021 tarum
938 2955 1128 3021 nobis
1158 2955 1632 3039 indulgentiam
1658 2955 1985 3039 propitius
2003 2955 2243 3039 largire
2270 2952 2631 3037 culparum.
2681 2952 2823 3017 Per.
2853 2977 2896 3033 γ

788 3064 1240 3151 Omnipotens
1269 3068 1668 3150 sempiterne
1700 3067 1903 3145 Deus,
1927 3066 2041 3150 qui
2072 3086 2192 3149 per
2220 3066 2691 3130 continentiam
2722 3063 2895 3128 salu-

695 3176 908 3234 tarem
941 3181 1011 3237 et
1039 3172 1428 3254 corporibus
1461 3171 1745 3236 mederis
1775 3178 1843 3235 et
1875 3171 2231 3247 mentibuS,
2263 3170 2678 3234 maiestatem
2708 3177 2895 3231 tuam

695 3274 1083 3358 suppliciter
1105 3295 1464 3340 exoramus
1493 3283 1568 3338 ut
1592 3276 1704 3358 pia
1735 3273 2165 3338 ieiunantium
2192 3272 2572 3357 precatione
2594 3271 2897 3355 placatus

696 3386 765 3444 et
796 3379 1167 3462 praesentia
1197 3379 1392 3443 nobis
1423 3379 1723 3443 subsidia
1752 3379 2076 3461 praebeas
2107 3386 2173 3442 et
2203 3386 2489 3441 aeterna.
2582 3378 2721 3441 Per.
2754 3402 2792 3459 γ

2920 2750 3042 2807 509

1647 3524 1943 3580 Secreta.

783 3628 1092 3712 Accepta
1119 3628 1243 3694 tibi
1275 3629 1380 3704 sit,
1404 3628 1717 3703 Domine,
1737 3636 2002 3692 nostrae
2032 3626 2404 3691 devotionis
2434 3625 2703 3703 oblatio,
2728 3644 2899 3709 quae

697 3743 766 3799 et
795 3734 1106 3798 ieiunium
1138 3743 1459 3811 nostrum,
1477 3741 1546 3797 te
1563 3741 1904 3816 operante,
1922 3730 2177 3796 sanctifi
2186 3740 2309 3810 cet,
2328 3740 2396 3796 et
2419 3730 2897 3815 indulgentiam

695 3838 887 3903 nobis
917 3846 1074 3902 tuae
1102 3836 1573 3903 consolationis
1601 3836 1919 3901 obtineat.
2012 3836 2152 3900 Per.

1550 3982 2053 4037 Posteommun.

787 4085 1228 4169 QuaesumuS,
1257 4086 1685 4170 omnipotens
1732 4086 1936 4162 Deus,
1968 4093 2043 4149 ut
2089 4084 2257 4149 inter
2299 4083 2439 4150 eius
2484 4102 2905 4149 numeremur

701 4190 1017 4268 membra,
1077 4192 1261 4255 cuius
1335 4188 1652 4272 corpore⁷
1726 4189 2295 4253 communicamus
2368 4196 2437 4252 et
2510 4187 2834 4271 sanguine
2854 4184 2901 4249 ⁷.

702 4294 846 4358 Per·
879 4320 922 4377 γ
1548 4387 1661 4444 Ad
1691 4388 2051 4457 Populum.

792 4492 982 4571 Esto,
1043 4491 1350 4571 Domine,
1397 4492 1726 4577 propitius
1775 4491 1956 4574 plebi
2005 4500 2177 4569 tuae,
2225 4499 2292 4556 et
2350 4490 2700 4574 temporali
2752 4509 2907 4554 con-

701 4594 1029 4661 solatione
1089 4617 1222 4661 non
1279 4598 1550 4661 deseras
1609 4616 1815 4679 quarn
1868 4596 1967 4660 vis
2024 4596 2110 4662 ad
2172 4604 2439 4661 aeterna
2494 4595 2907 4661 contendere.

707 4702 848 4765 Per.
