3342 5392
531 404 574 454 1.
600 405 770 472 mm]
1153 407 1582 463 ROMANAE
1622 407 2115 464 ECCLESJAE.
2606 420 2634 466 1
2650 423 2676 465 1
2690 415 2725 485 7

611 569 720 633 Et
748 589 948 652 quum
978 570 1360 652 interrogas,
1382 580 1510 653 per
1540 569 1843 653 singulas
1882 571 2051 636 vices
2080 572 2323 654 mergis
2348 593 2497 637 eum
2539 573 2730 638 tertio

524 675 596 738 in
625 693 798 755 aqua
820 672 896 737 1².
981 673 1238 752 Postea,
1259 695 1462 757 quum
1489 674 1855 740 ascenderit
1878 696 1923 740 a
1934 675 2145 758 sonte,
2170 676 2399 759 infans
2423 675 2731 759 signatur

522 798 567 841 a
593 777 958 860 presbytero
985 777 1055 843 in
1084 777 1335 843 cerebro
1349 774 1405 817 ¹⁸
1432 777 1512 842 de
1538 776 1907 856 chasmate,
1934 777 2043 844 Itis
2071 779 2282 844 verbis
2296 801 2321 842 .-

612 898 797 962 Deus
840 899 1283 983 omnipotens,
1316 898 1515 963 Pater
1557 899 1835 963 Domini
1879 900 2090 965 nostri
2128 900 2279 966 Iesu
2321 899 2585 979 Christi,
2613 901 2729 984 qui

520 1011 592 1066 te
622 1002 1035 1084 regeneravit
1066 1023 1154 1067 ex
1178 1021 1352 1084 aqua
1383 1010 1449 1066 et
1482 1000 1736 1085 Spiritu
1766 1012 1999 1068 sancto
2016 999 2089 1081 ¹⁴,
2110 1003 2357 1086 quique
2386 1004 2577 1070 dedit
2606 1004 2729 1068 tibi

522 1104 975 1170 remissionem
1007 1106 1305 1170 omnium
1336 1113 1779 1189 peccatorum,
1812 1106 1955 1190 ipse
1984 1116 2053 1172 te
2084 1106 2272 1172 liniat
2292 1106 2347 1146 ¹⁶
2376 1107 2729 1172 chrismate

521 1207 756 1274 salutis
785 1209 854 1273 in
887 1207 1157 1274 Christo
1190 1210 1342 1274 Iesu
1373 1209 1442 1272 in
1477 1210 1687 1275 vitam
1718 1219 2054 1276 aeternam
2074 1209 2148 1273 ¹⁸.
2193 1237 2236 1292 γ

610 1312 804 1395 Resp.
849 1313 1092 1378 Amen.

609 1432 864 1508 Postea,
915 1433 984 1498 si
1011 1434 1244 1517 suerit
1277 1433 1512 1514 oblata,
1557 1433 1847 1518 agendae
1892 1443 2051 1500 sunt
2092 1437 2330 1500 missae
2348 1433 2423 1510 ¹⁷,
2456 1446 2526 1501 et
2561 1458 2729 1501 com-

521 1537 817 1601 municat
831 1534 886 1576 ¹⁸
903 1560 936 1613 ,·
977 1538 1080 1602 sin
1115 1547 1353 1615 autem,
1393 1538 1584 1604 dabis
1624 1539 1691 1603 ei
1726 1547 1983 1603 tantum
2010 1549 2421 1604 sacramenta
2447 1542 2729 1624 corporis

519 1648 588 1704 et
610 1639 960 1724 sanguinis
995 1640 1267 1718 Christi,
1301 1643 1519 1708 dzeens
1542 1669 1564 1705 .·
1815 1717 1821 1722 ,

609 1751 870 1836 Corpus
931 1753 1205 1819 Domini
1265 1755 1474 1820 nostri
1539 1755 1693 1820 Iesu
1759 1753 2009 1822 Christi
2060 1757 2147 1821 sit
2205 1756 2329 1822 tibi
2392 1756 2461 1821 in
2517 1757 2725 1823 vitam

516 1865 856 1922 aeternam
877 1855 951 1921 ¹⁹.

609 1969 712 2034 Et
733 1970 858 2035 das
873 1966 928 2008 ²⁰
956 1971 1020 2034 ei
1041 1971 1398 2036 orationem
1427 1971 1527 2037 ita
1555 1970 1772 2037 dicens
1790 1994 1817 2035 .·

610 2081 1057 2165 Omnipotens
1107 2082 1506 2167 sempiterne
1554 2080 1759 2158 Deus,
1798 2085 1911 2166 qui
1958 2085 2356 2167 regenerasti
2401 2084 2725 2149 famulum

519 2193 710 2249 tuum
757 2205 848 2250 ex
879 2206 1055 2268 aqua
1103 2194 1171 2250 et
1221 2184 1471 2270 Spiritu
1514 2197 1766 2266 sanct0,
1812 2188 2057 2271 quique
2102 2187 2346 2253 dedisti
2386 2187 2446 2252 ei
2499 2188 2725 2253 remis-

519 2289 776 2354 sionem
808 2290 1103 2354 omnium
1134 2299 1580 2373 peccatorum,
1607 2291 1827 2356 tribue
1857 2291 1918 2355 ei
1956 2291 2339 2356 continuam
2370 2291 2723 2357 sanitatem

519 2394 607 2458 ad
637 2394 1128 2478 agnoscendam
1158 2393 1432 2460 unitatis
1468 2404 1622 2459 tuae
1643 2391 1697 2432 ²¹
1735 2394 2101 2459 veritatem.
2192 2395 2317 2458 Per
2357 2395 2725 2460 Dominum

518 2505 835 2562 nostrum.

606 2608 1048 2693 Omnipotens
1065 2607 1118 2646 ²²
1184 2620 1253 2676 et
1317 2611 1686 2676 misericors
1761 2611 1965 2686 DeuS,
2040 2611 2459 2675 maiestatem
2534 2619 2719 2675 tuam

517 2711 849 2797 supplices
906 2717 1355 2798 deprecamur,
1405 2724 1481 2779 ut
1525 2714 1849 2780 famulum
1898 2723 2089 2779 tuum
2139 2715 2425 2798 digneris
2475 2715 2723 2780 serenis

519 2817 896 2900 aspectibus
955 2819 1358 2901 praoeentari
1376 2817 1470 2883 ²³:
1531 2828 1602 2884 et
1653 2819 1761 2882 cui
1808 2817 2073 2884 donasti
2131 2818 2447 2901 baptismi
2506 2838 2722 2882 sacra-

521 2929 839 2999 mentum,
897 2919 1289 3005 longaevam
1361 2923 1616 2988 tribuas
1690 2922 2066 2987 sanitatem.
2158 2921 2284 2986 Per
2349 2921 2720 2986 Dominum

518 3033 838 3088 nostrum.

601 3135 857 3201 Deinde
888 3139 1308 3220 consignatur
1336 3137 1417 3202 ab
1443 3136 1734 3220 episcopo,
1766 3137 1838 3201 in
1866 3135 1975 3201 Itis
2003 3136 2217 3201 verbis
2230 3159 2257 3200 .·
2773 3140 2855 3197 Cf.
2879 3147 2985 3197 xliv

604 3249 793 3314 Deus
838 3249 1278 3331 omnIpotens,
1310 3249 1507 3313 Pater
1553 3248 1827 3312 Domini
1873 3249 2080 3313 nostri
2130 3247 2281 3312 Iesu
2316 3246 2576 3327 Christi,
2606 3249 2720 3330 qui

516 3353 918 3436 regenerasti
942 3352 1265 3418 famulum
1289 3363 1480 3418 tuum
1505 3373 1594 3417 ex
1617 3372 1795 3437 aqua
1824 3360 1892 3416 et
1925 3350 2179 3434 Spiritu
2202 3360 2451 3430 sancto,
2474 3351 2722 3434 quique

518 3455 763 3522 dedisti
812 3457 874 3520 ei
916 3457 1370 3521 remissionem
1425 3455 1724 3521 omnium
1773 3463 2216 3539 peccatorum,
2267 3463 2360 3532 tu,
2412 3455 2721 3534 Domine,

372 3571 490 3628 597
516 3555 818 3624 emitte²⁴
869 3561 936 3624 in
983 3579 1136 3625 eum
1185 3560 1506 3644 Spiritum
1539 3591 1566 3615 o
1601 3569 1906 3625 sanctum
1948 3567 2139 3623 tuum
2194 3556 2611 3637 Paraclitum,
2650 3569 2719 3624 et

515 3664 604 3728 da
634 3664 696 3728 ei
737 3663 1044 3748 spiritum
1075 3664 1440 3747 sapientiae
1480 3673 1548 3729 et
1588 3662 1982 3738 intellectuS,
2014 3663 2322 3745 spiritum
2354 3661 2607 3728 consilii
2650 3672 2720 3727 et

515 3765 934 3846 fortitudinis,
991 3769 1294 3853 spiritum
1352 3768 1670 3833 scientiae
1728 3776 1797 3831 et
1856 3767 2164 3850 pietatis3
2227 3764 2520 3850 adimple
2564 3785 2718 3830 eum

515 3871 816 3952 spiritum
833 3870 892 3910 ²⁸
930 3872 1185 3937 timoris
1216 3871 1346 3937 Dei
1387 3881 1456 3937 et
1488 3871 1763 3938 Domini
1782 3869 1836 3908 ²⁶
1879 3869 2084 3936 nostri
2131 3869 2283 3935 Iesu
2316 3868 2605 3946 Christi3
2650 3880 2719 3934 et

517 3973 671 4040 iube
720 3995 872 4039 eum
919 3975 1294 4061 consignari
1346 3976 1607 4060 signum
1627 3973 1680 4013 ²⁷
1734 3974 1945 4039 crucis
1989 3975 2055 4038 in
2106 3973 2313 4038 vitam
2358 3980 2718 4037 aeternam.

517 4077 641 4142 Per
668 4077 955 4143 eundem
989 4079 1358 4144 Dominum
1403 4087 1704 4145 nostrum
1751 4078 1971 4142 Iesum
2005 4076 2364 4155 Christum,
2393 4097 2545 4144 cum
2588 4097 2719 4161 quo

514 4181 678 4248 vivis
709 4191 777 4246 et
805 4202 1041 4267 regnas
1070 4183 1136 4249 in
1167 4186 1420 4250 unitate
1452 4182 1741 4266 Spiritus
1769 4180 2000 4247 sancti.
2043 4206 2087 4262 γ

600 4293 840 4359 Postea
865 4296 1094 4378 signat
1118 4317 1266 4360 eum
1295 4295 1368 4359 in
1378 4296 1614 4379 fronte
1643 4292 1724 4358 de
1750 4292 2121 4370 chrismate,
2156 4291 2375 4358 dicens
2392 4317 2415 4354 .-

603 4405 886 4490 Signum
922 4407 1166 4473 Christi
1202 4409 1269 4471 in
1300 4408 1509 4473 vitam
1539 4416 1895 4472 aeternam.

600 4510 792 4593 Κεφ.
837 4509 1084 4577 Amen.

605 4622 752 4688 Pax
783 4634 1023 4690 tecum.

602 4725 792 4810 Κεφ.
837 4727 931 4791 Et
961 4747 1113 4791 cum
1143 4728 1377 4812 spiritu
1409 4736 1551 4792 tuo,
