3342 5392
345 664 498 713 Gerb.
526 675 638 728 313.

345 729 510 780 Leofr.
539 744 652 794 199.

344 795 482 848 Sacr.
505 793 642 846 Gall.

347 874 460 926 951.

347 1369 513 1420 Leost-
533 1382 644 1434 199.

352 3058 507 3111 Gerb.
531 3069 647 3122 313·

712 420 838 503 296
1274 429 1530 485 LIBER
1569 427 2341 488 SACRAMENTORUM
2652 429 2779 496 [111.
2804 435 2907 484 ad.

799 590 908 656 Tu
933 593 1144 672 nobis,
1168 593 1475 673 Domine,
1496 594 1823 659 auxilium
1843 603 2177 677 praestare
2197 594 2504 678 digneris,
2524 604 2597 662 tu
2618 616 2818 680 opem
2832 597 2909 674 ¹⁰,

712 703 787 762 tu
841 697 1350 764 misericordiam
1397 699 1697 782 largiaris
1717 696 1771 740 ¹⁷
1800 719 1817 778 3
1862 700 2165 782 spiritum
2212 700 2416 764 etiam
2437 699 2491 739 ¹⁸
2539 700 2769 765 famuli
2808 701 2909 766 tui

710 799 909 866 Illius
927 800 978 841 ¹⁹
1005 823 1084 867 ac
1101 800 1154 841 ²⁰
1183 803 1315 867 oeri
1346 803 1574 880 nostri,
1605 803 1885 867 vinculis
1902 801 1953 840 ²¹
1984 803 2439 888 corporalibus
2466 803 2817 869 liberatum
2838 801 2911 882 ²²,

711 905 778 968 in
805 925 969 990 paee
991 918 1368 972 sanctorum
1393 918 1658 972 tuorum
1678 905 1732 946 ²³
1750 906 2059 991 recipias3
2092 909 2189 973 uti
2210 907 2265 945 ²⁴
2290 907 2509 973 locum
2540 908 2910 992 poenalem,

707 1018 777 1074 et
811 1011 1154 1093 gehennae
1195 1011 1436 1093 ignem,
1471 1010 1947 1094 flammamque
1980 1012 2211 1076 tartari
2260 1013 2327 1076 in
2374 1013 2641 1096 regione
2684 1013 2910 1078 viven-

706 1115 876 1178 tium
907 1115 1164 1180 evadat.
1255 1115 1380 1179 Per
1408 1112 1632 1179 eum²⁵
1664 1116 1779 1198 qui
1816 1125 2039 1181 tecum
2069 1115 2233 1182 vivit
2262 1126 2332 1183 et
2360 1125 2593 1200 regnat
2626 1119 2811 1182 Deus
2840 1118 2909 1181 in

709 1219 964 1285 unitate
994 1217 1281 1304 Spiritus
1309 1219 1540 1298 sancti,
1571 1239 1709 1302 per.

798 1372 1094 1456 Suscipe,
1121 1373 1428 1452 Domine,
1464 1375 1757 1440 animam
1802 1375 1971 1440 servi
2016 1375 2113 1440 tui
2156 1373 2355 1440 Illius
2376 1375 2429 1415 ¹⁹
2458 1376 2545 1441 ad
2594 1385 2663 1442 te
2706 1397 2912 1442 rever-

709 1487 963 1543 tentem
1008 1480 1096 1543 de
1135 1477 1442 1564 Aegypti
1490 1479 1789 1563 partibus
1840 1475 1970 1568 [et]
1994 1479 2053 1518 ²⁶
2105 1479 2628 1562 proficiscentem
2681 1482 2769 1546 ad
2818 1492 2908 1546 te.

711 1582 970 1647 Emitte
1007 1582 1285 1670 angelos
1337 1593 1490 1648 tuos
1547 1595 1817 1649 sanctos
1867 1587 1935 1647 in
1984 1584 2247 1649 obviam
2300 1584 2474 1649 illius
2493 1582 2563 1665 ²⁷,
2608 1594 2677 1649 et
2728 1586 2908 1650 viam

711 1687 998 1752 iustitiae
1036 1687 1422 1752 demonstra
1449 1686 1531 1752 ei.
1617 1686 1835 1770 Aperi
1880 1688 1940 1752 ei
1976 1696 2206 1772 portas
2236 1689 2542 1768 iustitiae,
2566 1700 2637 1755 et
2668 1689 2913 1772 repelle

707 1791 798 1855 ab
851 1811 932 1854 ea
999 1791 1327 1874 principes
1395 1791 1855 1856 tenebrarum:
1928 1811 2219 1874 agnosce
2276 1794 2653 1876 depositum
2714 1792 2913 1858 fidele

709 1893 892 1977 quod
922 1903 1114 1958 tuum
1159 1905 1280 1959 est.
1370 1892 1648 1978 Suscipe
1671 1892 1747 1971 ²⁸,
1780 1896 2093 1975 Domine,
2124 1907 2492 1961 creaturam
2537 1905 2746 1974 tuam,
2777 1918 2911 1961 non

710 2018 801 2062 ex
830 1997 956 2063 diis
985 1998 1214 2063 alienis
1257 2009 1565 2073 creatam,
1595 1999 1717 2063 sed
1761 2017 1802 2062 a
1844 2007 1915 2064 te
1960 1998 2113 2064 Deo
2156 2000 2302 2064 solo
2324 1998 2378 2039 ²⁹
2420 2021 2580 2065 vero
2626 2009 2693 2065 et
2736 2002 2911 2080 vive,

711 2101 871 2184 quia
898 2123 1033 2168 non
1063 2111 1166 2168 est
1197 2103 1382 2168 Deus
1413 2109 1672 2186 praeter
1702 2111 1771 2168 te
1798 2103 2013 2167 solum
2034 2102 2109 2179 ³⁰,
2138 2113 2207 2170 et
2236 2124 2371 2168 non
2410 2114 2513 2169 est
2543 2105 2909 2170 secundum

711 2225 917 2288 opera
960 2217 1096 2271 tua.
1186 2207 1525 2282 Laetifica‚
1555 2206 1867 2282 Domine,
1906 2206 2197 2273 animam
2242 2209 2413 2274 servi
2456 2209 2556 2273 tui
2598 2207 2798 2273 Illius
2822 2207 2909 2273 ¹⁹:

711 2309 1016 2390 clarifica,
1049 2311 1358 2387 Domine,
1401 2310 1723 2376 famulum
1767 2321 1957 2376 tuum
1978 2309 2078 2377 ³¹:
2125 2332 2209 2376 ne
2254 2311 2630 2377 memineris
2674 2313 2909 2395 iniqui-

711 2423 928 2480 tatum
959 2415 1100 2479 eius
1128 2415 1550 2498 antiquarum
1581 2425 1650 2481 et
1680 2415 2093 2492 ebrietatum,
2119 2413 2352 2499 quas³²
2372 2417 2713 2482 suscitavit
2736 2415 2913 2481 furor

715 2518 874 2582 mali
899 2517 954 2556 33
984 2519 1331 2584 desiderii:
1375 2519 1532 2584 licet
1561 2519 1739 2583 enim
1772 2520 2075 2602 peccavit
2090 2519 2165 2595 ³⁴,
2190 2519 2454 2586 Patrem
2474 2531 2542 2585 et
2574 2520 2815 2585 Filium
2839 2530 2911 2586 et

716 2623 1038 2707 Spiritum
1091 2633 1396 2688 sanctum
1448 2633 1672 2687 tamen
1692 2619 1749 2660 ³³⁴
1800 2643 1935 2690 non
1988 2625 2277 2706 negavit,
2325 2627 2442 2690 sed
2494 2625 2792 2703 credidit,
2842 2634 2913 2691 et

715 2727 930 2792 zelum
992 2727 1122 2792 Dei
1179 2726 1434 2808 habuit,
1493 2738 1564 2793 et
1638 2729 1859 2794 Deum
1934 2727 2167 2794 fecisse
2230 2729 2455 2794 omnia
2473 2726 2529 2768 ³⁶
2585 2729 2911 2796 adoravit.

711 2832 862 2917 [Per
883 2828 989 2923 π]

804 2987 1097 3073 Suscipe,
1130 2989 1437 3068 Domine,
1477 2989 1767 3054 animam
1812 2989 1979 3054 servi
2025 2989 2123 3053 tui
2173 2988 2439 3054 Illius¹⁹
2470 2997 2908 3055 revertentem

713 3092 800 3157 ad
832 3102 939 3158 te:
983 3102 1236 3158 vestem
1267 3092 1617 3158 caelestem
1665 3094 1863 3157 indue
1908 3114 2077 3172 eam,
2108 3103 2175 3158 et
2218 3092 2368 3158 lava
2412 3114 2561 3158 eam
2606 3105 2912 3160 sanctum

716 3196 971 3261 fontem
993 3196 1042 3236 37
1081 3198 1255 3261 vitae
1298 3205 1651 3274 aeternae3
1698 3206 1771 3261 ut
1790 3195 1843 3236 33
1888 3197 2056 3261 inter
2086 3198 2456 3282 gaudentes
2500 3197 2811 3281 gaudeat,
2842 3207 2915 3262 et

716 3303 888 3365 inter
921 3301 1250 3385 sapientes
1293 3300 1527 3384 sapiat,
1576 3308 1645 3364 et
1690 3301 1861 3365 inter
1906 3310 2234 3382 martyres
2279 3310 2627 3366 coronatos
2648 3301 2703 3340 ³⁹
2755 3322 2912 3366 con-

716 3406 948 3481 sideat,
991 3415 1057 3469 et
1103 3405 1270 3469 inter
1315 3403 1725 3486 patriarchas
1765 3415 1834 3470 et
1874 3404 2237 3488 prophetas
2277 3404 2598 3488 proficiat,
2630 3415 2696 3470 et
2740 3406 2914 3470 inter

715 3508 1056 3593 apostolos
1132 3507 1468 3573 Christum
1542 3507 1729 3590 sequi
1803 3508 2087 3588 studeat,
2146 3518 2216 3573 et
2276 3511 2444 3573 inter
2502 3509 2777 3594 angelos
2841 3519 2915 3573 et

716 3613 1150 3695 archangelos
1197 3611 1564 3676 claritatem
1621 3613 1749 3675 Dei
1802 3611 2146 3694 pervideat
2166 3609 2241 3692 4⁰,
2279 3621 2349 3676 et
2396 3613 2567 3678 inter
2614 3613 2909 3677 Paradisi

718 3717 950 3782 rutilos
1030 3716 1283 3800 lapides
1363 3718 1677 3800 gaudium
1738 3716 2093 3799 possideat,
2162 3727 2231 3781 et
2290 3717 2596 3780 notitiam
2664 3726 2910 3800 myste-

717 3823 964 3886 riorum
983 3818 1034 3858 ⁴¹
1071 3830 1410 3904 agnoscat,
1441 3830 1510 3885 et
1555 3822 1724 3885 inter
1754 3820 2069 3886 cherubin
2105 3832 2175 3885 et
2202 3822 2510 3905 seraphin
2541 3819 2911 3886 claritatem

720 3927 848 3990 Dei
879 3926 1185 4004 inveniat,
1215 3935 1282 3990 et
1313 3927 1481 3990 inter
1509 3926 1743 4008 viginti
1773 3935 2059 4008 quatuor
2088 3926 2376 3990 seniores
2419 3927 2679 3991 cantica
2707 3927 2912 3990 canti-

717 4050 945 4094 corum
998 4031 1245 4104 audiat,
1297 4039 1365 4094 et
1424 4029 1596 4093 inter
1655 4029 1955 4094 lavantes
2012 4029 2218 4096 stolas
2276 4030 2343 4093 in
2402 4029 2588 4094 fonte
2646 4029 2913 4093 luminis

716 4143 973 4198 vestem
1018 4134 1213 4212 lavet,
1244 4143 1313 4198 et
1357 4135 1526 4198 inter
1560 4133 1901 4217 pulsantes
1943 4134 2215 4216 pulsans
2236 4131 2308 4210 ⁴2,
2340 4142 2568 4216 portas
2612 4133 2913 4197 caelestis

720 4237 1133 4302 Hierusalem
1159 4247 1464 4320 -apertas
1486 4236 1542 4275 ‘⁴³
1602 4237 1904 4320 reperiat,
1967 4246 2037 4303 et
2096 4239 2266 4302 inter
2324 4237 2627 4302 videntes
2687 4239 2908 4302 Deum
2942 4241 3071 4299 ⁷49

717 4344 881 4407 facie
929 4344 1015 4407 ad
1069 4342 1303 4406 faciem
1348 4342 1592 4417 videat,
1638 4352 1705 4406 et
1752 4343 1918 4406 inter
1977 4342 2319 4406 audientes
2370 4343 2597 4406 auditu
2642 4340 2911 4406 caelesti

717 4446 1069 4511 caelestem
1116 4465 1356 4510 sonum
1405 4445 1723 4509 exaudiat
1743 4442 1825 4507 ⁴⁴.
1952 4443 2247 4527 Suscipe,
2296 4445 2605 4521 Domine,
2650 4465 2912 4509 servum

716 4561 906 4615 tuum
935 4549 1141 4614 Illum
1159 4548 1215 4586 ‘¹⁵
1245 4552 1312 4614 in
1343 4559 1686 4614 aeternum
1707 4546 1765 4587 ⁴⁶
1795 4548 2262 4627 habitaculum,
2292 4557 2363 4614 et
2388 4549 2479 4612 da
2518 4548 2578 4613 ei
2619 4549 2913 4632 requiem

715 4665 786 4720 et
833 4675 1129 4738 regnum,
1176 4655 1245 4719 id
1289 4663 1410 4730 est,
1453 4652 1874 4718 Hierusalem
1920 4650 2271 4718 caelestem
2302 4674 2319 4731 ;
2356 4663 2430 4717 ut
2447 4650 2505 4692 ⁴⁷
2550 4653 2618 4716 in
2664 4653 2915 4718 sinibus

715 4758 1233 4843 patriarcharum
1265 4767 1640 4824 nostrorum
1661 4756 1737 4838 ⁴⁸,
1768 4757 1835 4824 id
1860 4769 1979 4840 est,
1996 4756 2369 4836 Abraham,
2388 4757 2577 4824 Isaac
2598 4767 2669 4824 et
2692 4758 2911 4835 Iacob,
