3342 5392
363 889 517 1004 {ex-b.
544 963 653 1016 137.

363 1019 500 1068 Pam.
527 1033 639 1082 309.

366 1085 522 1136 Leon.
547 1097 661 1148 304.

367 1391 446 1441 Cf.
455 1391 526 1439 xii
532 1395 671 1454 supr.

365 1458 506 1506 Pam.
533 1469 644 1518 309.

368 1522 450 1572 Cf.
476 1520 632 1571 Leon.

369 1587 483 1651 462.

386 4512 537 4628 gerb.
567 4586 675 4640 137.

385 4644 526 4692 Pam.
552 4655 662 4705 309.

387 4710 526 4759 Pam.

387 4773 562 4838 (Amb.
574 4773 712 4837 390).

389 4840 523 4889 Men.
551 4840 662 4887 108.

724 397 846 478 176
1286 403 1540 458 LIBER
1579 401 2357 460 SACRAMENTORUM
2662 399 2756 465 [11.
2780 405 2924 456 xxiv.

720 589 968 648 carnus,
997 578 1250 652 quanto
1292 567 1701 650 frequentius
1744 577 2107 650 martyrum
2152 565 2723 633 benedictionibus
2766 586 2926 631 con-

719 675 1038 739 fovemur.
1130 673 1270 737 Per.

1673 765 1967 822 semoto.

813 880 1108 964 Suscipe,
1141 879 1450 954 Domine,
1487 897 1763 942 munera
1802 888 2071 943 tuorum
2110 876 2509 962 populorum
2544 878 2811 958 votiva3
2854 887 2927 942 et

723 995 1100 1049 sanctorum
1157 984 1368 1048 Marci
1419 993 1486 1048 et
1543 980 1953 1046 Marcelliani
2005 983 2127 1047 tibi
2179 982 2488 1067 precibus
2538 992 2730 1066 grata
2780 1002 2925 1048 esse

725 1089 1032 1164 concede,
1063 1109 1186 1172 pro
1213 1106 1496 1170 quorum
1526 1086 2057 1152 solemnitatibus
2086 1085 2448 1150 offeruntur
2463 1083 2508 1149 ¹.
2601 1087 2742 1151 Per.

1577 1265 2080 1323 Postoommun.

813 1381 1151 1456 Libante8‚
1208 1380 1513 1457 Domine,
1565 1398 1835 1443 mensae
1889 1387 2047 1443 tuae
2105 1378 2303 1444 beata
2350 1379 2683 1462 mysteria,
2728 1397 2931 1461 quae-

726 1506 953 1551 sumus
983 1494 1058 1549 ut
1088 1485 1434 1549 beatorum
1473 1482 1957 1548 interventione
1992 1491 2372 1548 sanctorum
2404 1481 2615 1547 Marci
2645 1493 2715 1548 et
2746 1482 2929 1547 Mar-

727 1589 986 1655 celliani
1030 1598 1099 1653 et
1142 1583 1626 1670 temporalem²
1671 1585 1865 1650 nobis
1910 1586 2425 1652 misericordiam
2472 1586 2815 1652 conserant
2858 1597 2931 1652 et

725 1703 1085 1760 aeternam.
1176 1692 1318 1756 Per.

794 1830 811 1859 ¹
845 1829 984 1879 Pam.
1009 1829 1159 1878 omits
1181 1827 1265 1878 the
1286 1827 1452 1878 clause
1463 1833 1564 1892 pro
1585 1841 1799 1892 quorum
1821 1862 1837 1878 .
1866 1864 1879 1876 .
1906 1863 1918 1876 .
1942 1825 2241 1892 ffemntur.
2412 1824 2436 1858 ¹
2466 1825 2764 1891 corporalem
2786 1827 2931 1877 Pam.

1702 2159 1959 2216 XXIV.

965 2293 1054 2356 ΙΝ
1100 2305 1329 2356 v1G11..
1375 2303 1837 2356 SANCTORUM
1884 2303 2314 2356 MARTYRUM
2364 2289 2691 2356 GERBASI

1571 2408 1666 2458 ET
1712 2393 2095 2460 PROTA511.

1431 2534 1599 2597 Item
1641 2533 1763 2597 xiv
1802 2532 1969 2597 Kal.
2010 2531 2241 2598 Iulias.

824 2671 1198 2753 Martyrum
1239 2680 1523 2746 tuorum,
1558 2670 1874 2749 Domine,
1905 2668 2183 2735 Gerbasi
2225 2681 2293 2736 et
2337 2671 2595 2736 Protasi
2636 2670 2940 2735 natalitia

644 2771 662 2850 ‚⁰
734 2784 1126 2858 praeeuntes
1145 2771 1170 2808 ²
1213 2773 1544 2856 supplices
1588 2783 1660 2839 te
1706 2794 2032 2856 rogamus,
2076 2782 2152 2837 ut
2198 2794 2367 2857 quos
2416 2774 2681 2839 caelesti
2724 2773 2939 2858 gloria

701 2878 1106 2985 ‘sublimasti
1138 2879 1268 2942 tuis
1298 2878 1532 2942 adesse
1562 2878 1889 2942 concedas
1908 2877 1936 2916 ³
1966 2876 2289 2942 fidelibus.
2382 2879 2524 2942 Per.

827 2998 1222 3064 Sanctorum
1265 2997 1542 3063 Gerbasi
1582 3007 1650 3063 et
1689 2999 1941 3064 Protasi
1985 2999 2313 3083 suffragiis
2352 2997 2827 3082 imploramus⁴
2863 3008 2942 3065 ut

739 3125 780 3168 a
808 3104 1080 3181 cunctiS,
1113 3103 1420 3180 Domine,
1457 3103 1810 3169 liberemur
1838 3103 2122 3168 offensis.
2213 3103 2356 3167 Per.

1692 3283 1981 3341 secreta
2968 3289 3101 3346 649

829 3393 1253 3471 Sacrificium,
1287 3395 1600 3474 Domine,
1631 3396 1814 3479 quod
1860 3415 1985 3478 pro
2028 3395 2276 3460 sanctis
2322 3393 2725 3478 martyribus
2770 3392 2939 3459 Ger-

741 3501 928 3565 basio
959 3509 1028 3564 et
1062 3499 1364 3563 Protasio
1381 3499 1408 3537 ⁵
1440 3500 1780 3582 praevenit
1820 3509 2044 3563 nostra
2082 3498 2366 3574 devoti0,
2398 3519 2626 3563 eorum
2660 3498 2895 3563 merito
2914 3497 2941 3537 ⁶

740 3603 932 3668 nobis
961 3612 1221 3686 augeat,
1255 3611 1324 3666 te
1353 3603 1660 3677 donante,
1694 3602 2097 3686 suffragium.
2190 3603 2330 3666 Per.

1592 3780 2095 3838 Posteommun.

832 3894 1096 3978 Sumpti
1127 3892 1444 3971 sacrificii,
1475 3892 1785 3971 Domine,
1816 3904 2139 3978 perpetua
2180 3915 2301 3958 nos
2340 3896 2538 3960 tuitio
2578 3915 2711 3959 non
2749 3893 2947 3960 relin-

742 4009 907 4083 quat
936 4008 1004 4063 et
1035 3999 1242 4064 noxia
1277 4018 1542 4081 semper
1571 4019 1612 4062 a
1641 3999 1837 4064 nobis
1867 4007 2108 4064 cuncta
2137 3998 2452 4081 depellat.
2538 3999 2680 4062 Per.
2719 4024 2759 4077 γ

1287 4229 1478 4293 ITEM
1525 4242 1607 4292 m
1653 4229 1950 4293 NATALI
1998 4243 2099 4295 UT
2145 4243 2402 4295 SUPRA.

1519 4367 1655 4431 xiii
1694 4366 1857 4430 Kal.
1901 4367 2119 4432 Iulias
2132 4364 2175 4429 ⁷.

836 4503 1231 4570 Sanctorum
1274 4513 1642 4586 martyrum
1661 4503 1689 4542 ⁸
1720 4525 1861 4581 nos,
1907 4505 2215 4580 Domine,
2256 4502 2534 4569 Gerbasi
2576 4513 2645 4568 et
2685 4504 2949 4571 Protasi

745 4608 1067 4674 confessio
1119 4611 1314 4674 beata
1363 4608 1791 4683 communiat,
1836 4618 1904 4672 et
1950 4607 2365 4694 fragilitatis⁹
2415 4617 2677 4674 nostrae
2726 4610 2951 4676 subsi-

749 4713 932 4776 dium
964 4712 1314 4796 dignanter
1342 4722 1596 4777 exoret.
1690 4713 1828 4778 Per.
