3342 5392
330 596 634 661 R.S.(alibi.)

330 663 483 712 Gerb.
513 672 619 726 127.

329 729 466 777 Pam.
495 728 605 776 280.

330 793 465 842 Men.
488 796 567 842 82.

329 858 464 907 lxxxi
479 858 638 923 infra.

328 1038 483 1153 gerb.
513 1116 620 1153 102.

328 1169 467 1217 Pam.
499 1168 609 1217 281.

331 1234 466 1283 Men.
492 1234 521 1282 8
527 1247 574 1317 3.

332 1491 507 1620 {idern

329 1620 475 1735 11)(2ῗιῐιιὶἒ1
499 1686 558 1734 28
567 1699 586 1734 1
595 1722 607 1733 .

331 1839 396 1888 R.

329 1905 470 1953 Pam.
498 1904 610 1953 281.

330 2181 391 2230 R.
416 2181 469 2231 S.

329 2247 482 2297 Gerb.
515 2261 620 2297 102.

328 2313 466 2362 Pam.
495 2314 606 2363 281.

329 2378 464 2428 Men.
491 2378 568 2426 82.

327 2520 506 2649 {beru

328 2648 468 2765 ἓξὲξ
497 2716 606 2778 278.

331 2782 467 2831 Men.
493 2783 571 2830 80.

327 2856 512 2985 {Gerb-

334 2986 470 3049 102]

329 3207 509 3337 ῗὸοὼ.

329 3336 471 3452 ἓξὲξ
497 3402 610 3451 282.

331 3468 468 3517 Men.
493 3470 573 3529 83.

331 3546 508 3676 ?c'serb.
549 3572 557 3579 ⁶

330 3676 471 3791 {cain-J.
497 3743 607 3791 282.

332 3806 468 3856 Men.
497 3808 575 3869 83.

333 3880 510 4009 ῗὸεὼ.

332 4012 472 4125 ἓξὲξ..
501 4077 608 4126 282.

333 4206 385 4255 S.
411 4205 596 4269 (alibi.)

335 4273 488 4321 Gerb.
511 4271 592 4321 60.

333 4337 474 4386 Pam.
499 4350 609 4401 242.

335 4401 472 4453 Men.
499 4404 577 4465 58.

334 4548 512 4678 {Gerb-

337 4679 476 4794 l'iinl.
503 4745 611 4793 282.

339 4810 471 4859 Men.
497 4810 576 4873 83.

697 431 818 477 100
1255 420 1508 477 LIBER
1548 420 2025 477 SACRAMEN
2024 422 2077 474 T
2076 421 2325 477 ORUM
2704 421 2773 487 [Ι.
2798 422 2889 475 lvi.

778 583 1224 669 Omnipotens
1269 586 1668 668 sempiterne
1700 585 1905 660 Deus,
1934 586 2151 649 deduc
2196 605 2321 649 nos
2363 586 2449 649 ad
2492 584 2889 649 societatem

690 688 1066 753 caelestium
1114 688 1546 772 gaudiorum3
1595 697 1667 752 ut
1715 686 1967 771 Spiritu
2020 697 2254 753 sancto
2302 697 2565 753 renatos
2607 707 2889 771 regnum

689 803 881 858 tuum
911 793 1164 856 tribuas
1197 793 1480 869 introire,
1501 802 1705 875 atque
1734 812 1815 855 eo
1829 790 1883 829 ¹¹
1916 793 2253 875 perveniat
2282 791 2619 857 humilitas
2648 792 2889 875 gregis,

690 918 824 981 quo
859 896 1181 982 processit
1208 896 1528 961 fortitudo
1549 895 1600 933 ¹²
1630 896 1939 963 Pastoris.
2032 897 2178 960 Per.
2208 923 2251 978 γ

779 1036 984 1109 DeuS,
1027 1035 1142 1118 qui
1193 1034 1438 1099 renatis
1489 1054 1610 1119 per
1657 1054 1904 1117 aquam
1952 1044 2019 1099 et
2074 1033 2331 1118 Spiritu
2384 1043 2615 1098 sancto
2634 1030 2688 1072 ¹⁸
2739 1052 2890 1097 cae-

691 1139 874 1203 lestis
934 1140 1114 1222 regni
1174 1138 1414 1223 pandis
1475 1138 1839 1217 introitum,
1897 1159 2069 1223 auge
2126 1159 2324 1222 super
2382 1136 2671 1203 famulos
2734 1146 2890 1201 tuos

691 1244 975 1325 gratiam
1029 1262 1230 1325 quam
1280 1242 1565 1322 dedisti;
1625 1251 1702 1306 ut
1754 1243 1871 1325 qui
1921 1242 2007 1307 ab
2056 1243 2367 1307 omnibus
2415 1253 2573 1307 sunt
2624 1242 2889 1326 purgati

692 1346 994 1429 peccatis,
1026 1367 1069 1410 a
1098 1345 1296 1410 nullis
1327 1348 1667 1430 priventur
1698 1346 2055 1429 promissis.
2148 1347 2288 1411 Per.
2327 1373 2369 1428 γ

781 1482 952 1548 Dele
977 1482 1049 1559 ¹⁴,
1099 1504 1520 1567 quaesumus,
1573 1484 1885 1563 Domine,
1936 1484 2381 1567 conscriptum
2436 1483 2691 1567 peccati
2744 1482 2893 1566 lege

692 1586 1226 1672 chirographum,
1255 1588 1436 1670 quod
1483 1587 1551 1651 in
1587 1586 1783 1651 nobis
1827 1586 2121 1671 paschali
2169 1587 2487 1670 mysterio
2532 1606 2650 1668 per
2680 1606 2888 1651 resur-

691 1692 1050 1755 rectionem
1080 1691 1177 1754 tui
1209 1688 1360 1753 Filii
1387 1692 1701 1755 vacuasti.
1794 1692 1935 1756 Per.
1968 1716 2009 1771 γ

783 1828 840 1891 F
839 1849 938 1905 ac,
979 1829 1402 1910 omnipotens
1449 1827 1649 1906 Deus,
1684 1838 1759 1892 ut
1802 1830 1935 1911 qui,
1976 1828 2398 1913 paschalibus
2440 1828 2747 1893 remediis
2794 1828 2889 1892 in-

691 1930 1012 2009 novati¹⁶,
1089 1932 1587 1997 similitudinem
1673 1932 1917 1997 terreni
2006 1932 2299 2015 parentis
2384 1932 2727 2009 evasimus,
2800 1932 2889 1996 ad

692 2036 976 2101 formam
1005 2036 1308 2101 caelestis
1336 2035 1810 2101 transferamur
1834 2036 1885 2075 ¹⁶
1921 2036 2230 2102 auctoris,
2320 2036 2463 2100 Per.
2494 2062 2536 2119 γ

782 2175 893 2239 Da
910 2172 981 2252 ¹⁷,
1005 2174 1368 2239 misericors
1393 2174 1596 2252 Deus,
1621 2184 1697 2241 ut
1720 2176 1786 2238 in
1810 2176 2283 2239 resurrectione
2300 2172 2353 2212 ¹⁸
2374 2174 2646 2239 Domini
2678 2174 2889 2238 nostri

697 2278 845 2343 Iesu
880 2276 1126 2342 Christi
1157 2278 1564 2341 inveniamus
1590 2288 1658 2342 et
1697 2298 1820 2341 nos
1847 2279 2166 2343 veraciter
2196 2277 2246 2316 ¹⁹
2277 2278 2673 2362 portionem.
2768 2278 2891 2342 Per

685 2382 1081 2447 Dominum.
1115 2408 1156 2463 γ

782 2511 1061 2587 Adesto,
1107 2531 1524 2594 quaesumus,
1571 2510 1882 2590 Domine,
1926 2522 2083 2575 tuae
2125 2512 2358 2575 adesto
2402 2510 2691 2576 familiae
2712 2510 2783 2589 ²⁰,
2820 2521 2890 2575 et

693 2616 1045 2697 dignanter
1103 2614 1430 2699 impende,
1476 2622 1551 2678 ut
1611 2614 1851 2697 quibus
1911 2611 2063 2681 fidei
2106 2615 2390 2699 gratiam
2444 2614 2777 2681 contulisti
2822 2625 2891 2680 et

691 2737 1004 2782 coronam
1050 2716 1346 2799 largiaris
1389 2728 1745 2783 aeternam.
1838 2719 1978 2782 Per.

784 2847 1054 2912 Exaudi
1085 2867 1228 2923 neS,
1253 2847 1676 2929 omnipotens
1709 2848 1913 2925 DeuS,
1936 2857 2005 2913 et
2036 2847 2324 2914 familiae
2351 2859 2507 2913 tuae
2536 2848 2752 2925 corda,
2785 2848 2889 2912 cui

694 2950 1054 3034 perfectam
1115 2950 1434 3033 baptismi
1494 2952 1781 3035 gratiam
1842 2951 2197 3029 contulisti,
2249 2954 2335 3018 ad
2382 2952 2889 3036 promerendam

695 3056 1172 3121 beatitudinem
1209 3064 1400 3139 aptes
1431 3064 1781 3119 aeternam.
1875 3051 2079 3144 [Pen]

782 3185 1118 3251 Conserva
1147 3186 1214 3249 in
1247 3183 1296 3223 ²¹
1329 3184 1539 3261 nobiS,
1579 3206 1999 3269 quaesumuS,
2033 3187 2340 3263 Domine,
2376 3186 2891 3253 misericordiam

693 3300 898 3367 tuam,
934 3287 1063 3355 et²²
1121 3309 1291 3373 quos
1337 3289 1426 3353 ab
1481 3290 1717 3354 erroris
1752 3290 2043 3355 liberasti
2084 3291 2366 3373 caligine
2402 3291 2699 3356 veritatis
2736 3300 2893 3355 tuae

693 3392 944 3457 firmius
975 3393 1315 3457 inhaerere
1342 3393 1548 3459 facias
1578 3394 1985 3459 documento
2002 3390 2077 3457 ²³.
2171 3395 2312 3459 Per.

783 3521 1082 3588 Sollicita
1099 3518 1176 3601 ²⁴,
1224 3543 1642 3605 quaesumus,
1692 3523 2001 3599 Domine,
2053 3544 2223 3607 quos
2284 3523 2515 3589 lavasti
2536 3522 2592 3561 ²⁵
2642 3524 2895 3606 pietate

695 3627 997 3705 custodi;
1041 3635 1117 3690 ut
1160 3626 1388 3709 quia²⁶
1441 3624 1628 3691 tuaw
1680 3625 1903 3692 sunt²⁸
1952 3628 2267 3711 passione
2320 3627 2650 3712 redempti
2700 3636 2816 3692 tua
2838 3625 2892 3663 ²⁹

694 3731 1168 3796 resurrectione
1199 3730 1525 3796 laetentur
1543 3730 1616 3797 ²⁸.
1709 3732 1832 3795 Per
1863 3732 2231 3796 Dominum
2262 3742 2559 3797 nostrum
2582 3731 2652 3794 ³⁰.

783 3860 1275 3938 -Christianam,
1326 3879 1748 3942 quaesumuS,
1808 3862 2117 3939 Domine,
2168 3862 2419 3943 respice
2481 3860 2765 3944 plebem,
2827 3870 2897 3927 et
2925 3878 3053 3933 583

693 3984 894 4047 quam
968 3964 1252 4028 aeternis
1319 3963 1631 4047 dignatus
1697 3986 1770 4030 es
1828 3986 2142 4031 renovare
2202 3965 2556 4048 mysteriis,
2616 3987 2659 4029 a
2726 3974 2893 4029 tem-

693 4066 1034 4152 poralibus
1065 4066 1274 4151 culpis
1311 4068 1662 4152 dignanter
1692 4068 1981 4133 absolve.
2073 4069 2214 4132 Per.

785 4197 916 4273 Da,
946 4216 1363 4280 quaesumus,
1411 4199 1834 4280 omnipotens
1880 4197 2083 4274 Dem,
2131 4207 2205 4262 ut
2249 4218 2423 4282 quae
2465 4198 2689 4262 divina
2738 4206 2896 4262 sunt

697 4300 934 4383 iugiter
977 4300 1348 4365 ambientes
1368 4298 1423 4338 ⁸¹
1469 4301 1661 4365 donis
1704 4321 1967 4383 semper
1986 4300 2040 4339 ³²
2086 4322 2455 4367 mereamur
2499 4301 2895 4368 caelestibus

696 4403 1140 4488 propinquare
1161 4401 1238 4465 ³³.
1332 4404 1473 4467 Per.
1509 4431 1552 4486 γ

783 4532 1222 4614 Omnipotens
1283 4533 1688 4615 sempiterne
1753 4533 1959 4611 Deus,
2016 4534 2408 4618 propensius
2480 4535 2585 4600 his
2657 4534 2898 4599 diebus

697 4646 880 4701 tuam
930 4635 1446 4700 misericordiam
1493 4656 1991 4719 consequamur,
2023 4638 2267 4722 quibus
2310 4660 2459 4703 eam
2506 4639 2781 4723 plenius,
2827 4647 2897 4702 te

698 4738 1044 4823 largiente,
1073 4740 1526 4822 cognovimus
1618 4740 1743 4805 Per
1774 4742 2162 4807 Dominum.
