3342 5392
689 399 812 468 152
1247 390 1503 446 LIBER
1545 389 2319 447 SACRAMENTORUM
2649 389 2716 454 [1.
2740 392 2880 440 xcix.

684 577 918 640 pacem
937 555 1007 631 ²⁰,
1047 557 1132 620 ad
1180 556 1770 640 evangelizandum
1816 554 1993 618 bona
2027 564 2163 618 tua.
2257 552 2369 616 Da
2412 551 2526 627 eis,
2565 552 2878 626 Domine,

685 660 1118 724 ministerium
1179 659 1723 726 reconciliationis
1782 658 1851 722 in
1909 659 2129 732 verb0,
2184 666 2253 721 et
2310 657 2377 720 in
2438 655 2645 734 factiS,
2696 665 2763 718 et
2812 655 2880 718 in

681 765 926 828 virtute
949 763 998 802 ²¹
1047 765 1382 847 signorum
1430 772 1498 827 et
1550 763 2024 846 prodigiorum.
2122 760 2226 826 Sit
2277 781 2494 824 sermo
2534 779 2761 824 eorum
2810 769 2881 822 et

683 868 1089 953 praedicatio
1161 888 1297 933 non
1373 868 1439 931 in
1513 867 2051 950 persuasibilibus
2122 865 2453 929 humanae
2518 863 2881 946 sapientiae

685 973 923 1050 verbis,
981 973 1098 1036 sed
1159 971 1226 1036 in
1289 972 1663 1036 ostensione
1730 970 2015 1054 Spiritus
2074 978 2142 1034 et
2199 969 2479 1033 virtutis.
2602 968 2711 1030 Da
2766 966 2883 1039 εἰς,

688 1075 996 1150 Domine,
1025 1075 1244 1139 claves
1273 1076 1460 1158 regni
1482 1075 1817 1140 caelorum
1844 1098 1861 1138 :
1906 1081 2178 1138 utantur
2198 1069 2267 1150 ²²,
2297 1093 2417 1138 nec
2435 1071 2490 1112 ²³
2518 1070 2881 1155 glorientur

687 1187 1016 1262 potestate
1033 1176 1107 1254 ²⁴,
1160 1199 1362 1262 quam
1397 1211 1418 1233 ·
1454 1179 1689 1243 tribuis
1739 1178 1806 1241 in
1858 1177 2406 1254 aedificationem,
2457 1196 2587 1239 non
2648 1175 2715 1238 in
2762 1174 2877 1237 de·
2910 1177 3041 1232 626

685 1283 1134 1348 structionem.
1253 1281 1738 1366 Quodcumque
1804 1282 2147 1366 ligaverint
2210 1300 2408 1364 super
2476 1289 2717 1344 terram
2793 1279 2883 1340 sit

687 1387 965 1469 ligatum
991 1383 1044 1424 ²⁶
1066 1397 1134 1450 et
1157 1387 1223 1451 in
1247 1386 1464 1464 caelis,
1493 1397 1562 1450 et
1583 1388 2053 1470 quodcumque
2072 1386 2387 1449 solverint
2404 1404 2603 1466 super
2638 1391 2881 1446 terram

687 1492 773 1554 sit
805 1490 1096 1555 solutum
1119 1487 1174 1528 ²⁵
1211 1498 1279 1554 et
1319 1490 1386 1553 in
1425 1490 1641 1556 caelis,
1732 1489 2037 1572 Quorum
2074 1489 2478 1553 detinuerint
2500 1487 2549 1524 ²⁶
2588 1495 2881 1570 peccata,

687 1596 966 1659 detenta
1021 1595 1192 1672 sint;
1267 1602 1334 1658 et
1393 1614 1674 1677 quorum
1737 1593 2125 1671 dimiserint,
2185 1603 2258 1657 tu
2318 1592 2635 1656 dimittas·
2745 1588 2883 1672 Qui

688 1698 1105 1763 benedixerit
1153 1692 1274 1784 [eis
1293 1693 1398 1784 Ἦ,
1441 1698 1525 1761 sit
1559 1697 1990 1774 benedictus3
2036 1706 2105 1761 et
2148 1697 2261 1780 qui
2309 1695 2725 1760 maledixerit
2770 1695 2885 1770 eis,

691 1801 1262 1866 maledictionibus
1282 1801 1628 1882 repleatur.
1693 1800 1842 1866 Sint
1864 1800 2092 1865 fideles
2110 1801 2280 1866 servi
2301 1799 2425 1884 [et]
2444 1800 2801 1882 prudentes
2814 1796 2885 1874 ²⁸,

689 1925 858 1988 quos
900 1906 1264 1970 constituas
1303 1914 1396 1982 tu,
1429 1904 1742 1984 Domine,
1776 1925 1973 1989 super
2013 1903 2329 1969 familiam
2373 1913 2579 1978 tuam,
2609 1913 2683 1967 ut
2722 1903 2885 1966 dent

689 2009 818 2074 illis
869 2010 1092 2074 cibum
1145 2009 1211 2072 in
1261 2019 1565 2092 tempore
1615 2009 2027 2087 necessario;
2089 2019 2164 2073 ut
2207 2008 2572 2073 exhibeant
2616 2026 2885 2071 omnem

690 2114 1026 2177 hominem
1097 2114 1479 2196 perfectum.
1581 2113 1735 2180 Sint
1808 2113 2247 2179 sollicitudine
2268 2111 2321 2150 ²⁹
2398 2113 2679 2194 impigri,
2752 2111 2887 2176 sint

689 2217 921 2300 'spiritu
976 2216 1314 2282 ferventes
1413 2217 1660 2282 Odiant
1712 2218 2131 2299 superbiam;
2192 2216 2469 2300 diligant
2517 2216 2887 2288 veritatem,

691 2343 812 2386 nec
892 2342 1040 2386 eam
1117 2341 1410 2404 unquam
1484 2321 1793 2386 deserant
1852 2330 1967 2385 aut
2024 2319 2413 2384 lassitudine
2471 2330 2589 2383 aut
2648 2319 2887 2383 timore

691 2426 1000 2508 superati.
1118 2425 1277 2489 Non
1354 2436 1606 2506 ponant
1684 2425 1897 2489 lucem
1974 2425 2299 2496 tenebras,
2378 2445 2499 2488 nec
2578 2423 2889 2488 tenebras

693 2529 912 2594 lucem
935 2528 1030 2606 ³⁰3
1078 2549 1210 2592 non
1257 2528 1480 2593 dicant
1534 2527 1785 2593 malum
1839 2529 2107 2608 bonum,
2149 2548 2269 2592 nec
2322 2527 2570 2592 bonum
2618 2526 2889 2590 malum.

696 2631 848 2697 Sint
893 2632 1298 2714 sapientibus
1343 2631 1440 2714 [et
1486 2632 1950 2714 insipientibus
1974 2628 2057 2720 31]
2101 2632 2456 2707 debitoreS,
2492 2639 2561 2696 et
2603 2631 2887 2694 fructum

694 2735 783 2798 de
825 2733 1122 2818 profectu
1168 2735 1462 2799 omnium
1508 2746 2015 2817 consequantur.
2104 2735 2391 2800 Tribuas
2438 2735 2549 2812 eiS,
2580 2735 2891 2811 Domine,

695 2838 1081 2904 cathedram
1136 2838 1580 2921 episcopalem
1633 2840 1720 2903 ad
1766 2841 2125 2922 regendam
2179 2840 2526 2904 ecclesiam
2573 2850 2759 2903 tuam
2819 2846 2891 2900 et

695 2942 962 3025 plebem
994 2943 1386 3006 universam.
1479 2942 1588 3008 Sis
1630 2943 1728 3007 eis
1763 2945 2121 3007 auctoritas
2158 2939 2277 3030 [sis
2323 2943 2417 3007 eis
2448 2950 2761 3024 potestas,
2797 2943 2889 3006 sis

695 3047 792 3110 eis
850 3044 1127 3110 firmitas
1147 3041 1270 3131 32];
1335 3045 1731 3130 multiplices
1790 3067 1989 3128 super
2053 3068 2167 3111 eos
2225 3047 2755 3111 benedictionem
2822 3055 2890 3109 et

695 3149 978 3232 gratiam
1010 3158 1212 3226 tuam,
1230 3157 1304 3212 ut
1333 3150 1419 3213 ad
1450 3150 1862 3213 exorandam
1880 3170 2139 3232 semper
2169 3150 2679 3214 misericordiam
2703 3160 2890 3213 tuam

697 3262 816 3316 tuo
847 3272 1116 3316 munere
1147 3251 1388 3330 idonei,
1425 3262 1540 3317 tua
1569 3255 1786 3337 gratia
1815 3255 2073 3338 possint
2110 3275 2251 3319 esse
2281 3253 2521 3318 devoti.
2614 3253 2752 3317 Per.
2783 3279 2826 3334 γ

1648 3417 1938 3472 Secreta.

336 3541 481 3620 luiss.
787 3527 1083 3611 Suscipe,
1117 3530 1424 3608 Domine,
1459 3551 1728 3593 munera
1759 3550 1932 3613 quae
1962 3531 2084 3595 tibi
2125 3529 2461 3595 offerimus
2490 3552 2611 3613 pro
2642 3529 2893 3595 famulo

334 3610 515 3736 ἔξω·
699 3642 818 3696 tuo
866 3631 1008 3710 Illo,
1063 3642 1132 3696 et
1183 3635 1508 3718 propitius
1569 3636 1636 3697 in
1684 3635 1921 3698 eodem
1969 3645 2083 3699 tua
2139 3636 2316 3699 dona
2376 3634 2655 3700 custodi.
2770 3635 2895 3698 Per

703 3738 1089 3801 Dominum.
1119 3763 1160 3818 γ
1551 3796 2053 3854 postcommun·

339 3927 488 3974 Mart.
513 3941 563 3975 u.
592 3942 630 3975 s.
791 3906 1086 3985 Plenum,
1134 3927 1550 3990 quaesumuS,
1607 3909 1916 3984 Domine,
1964 3911 2029 3973 in
2078 3909 2265 3974 nobis
2325 3911 2688 3975 remedium
2741 3921 2898 3975 tuae

701 4011 1143 4075 miserationis
1172 4033 1466 4095 operare,
1493 4022 1561 4077 et
1591 4011 1759 4079 tales
1791 4035 1913 4078 nos
1942 4033 2088 4078 esse
2119 4013 2377 4097 perfice,
2405 4009 2541 4101 [ut]
2574 4015 2898 4097 propitius

700 4115 920 4179 fovere
951 4115 1237 4197 digneris
1257 4115 1332 4178 ³³.
1424 4116 1564 4182 Per.
1596 4143 1636 4198 y

769 4261 787 4290 ¹⁴
821 4259 947 4310 This
979 4261 1164 4311 section
1199 4261 1292 4311 bas
1327 4263 1450 4312 been
1481 4265 1750 4328 compared
1778 4263 1899 4312 with
1932 4263 2017 4313 the
2050 4263 2259 4328 parallel
2294 4263 2447 4312 forms
2476 4264 2528 4312 in
2561 4263 2646 4312 the
2678 4263 2901 4313 Leonine

703 4327 1091 4390 Sacramentary,
1124 4327 1221 4376 and
1255 4328 1305 4376 in
1340 4328 1422 4377 the
1456 4328 1662 4378 Missale
1698 4331 2027 4380 Francorum:
2080 4329 2175 4378 and
2215 4329 2324 4378 also
2359 4329 2481 4378 with
2519 4329 2604 4378 the
2637 4328 2901 4394 following

710 4391 925 4442 Ordines
945 4392 996 4440 in
1021 4391 1248 4442 Martene
1269 4394 1369 4442 aud
1400 4393 1752 4458 Gerbert;'(al
1778 4393 2046 4444 Martene’s
2072 4394 2203 4444 Ordo
2223 4396 2261 4442 ii
2296 4394 2580 4452 (Pontifical
2608 4393 2668 4442 of
2694 4394 2898 4458 Egbert,

707 4458 838 4508 cited
862 4473 918 4506 as
941 4457 1122 4521 Egb.);
1157 4458 1226 4521 (b)
1255 4457 1524 4508 Martene's
1550 4461 1681 4509 Ordo
1702 4461 1758 4508 iii
1782 4460 1981 4524 (Missal
2004 4461 2062 4509 of
2086 4460 2274 4510 Robert
2306 4461 2365 4510 of
2389 4459 2555 4523 Jumie
2590 4475 2658 4516 ες,
2682 4459 2812 4509 cited
2841 4476 2897 4510 as

707 4521 910 4586 Gem.);
949 4524 1016 4587 (c)
1045 4521 1310 4573 Martene's
1336 4525 1468 4573 Ordo
1489 4527 1554 4584 iv,
1583 4525 1733 4574 taken
1764 4526 1893 4574 from
1922 4525 2097 4576 Codex
2130 4525 2445 4575 Gellonensis
2474 4541 2537 4574 an
2604 4533 2706 4574 two
2732 4525 2899 4576 others

710 4589 865 4650 (cited
899 4603 956 4636 as
985 4588 1175 4650 Gell.);
1213 4590 1299 4652 (d)
1325 4590 1574 4639 Gerbert’s
1605 4591 1737 4639 Ordo
1766 4590 1895 4640 from
1928 4608 1959 4640 a
1992 4591 2187 4640 Vienna
2220 4591 2327 4641 MS.
2366 4607 2491 4641 saec.
2516 4593 2568 4639 ix
2591 4593 2630 4654 (‘
2646 4591 2771 4640 olim
2793 4593 2898 4640 Au-

705 4654 892 4718 giensis
928 4653 1263 4710 monasterii’)
1297 4656 1349 4704 in
1383 4657 1525 4706 Mon.
1563 4656 1662 4704 Vct.
1688 4657 1795 4706 Lis.
1818 4656 2051 4716 Alcman.
2075 4657 2125 4706 ii.
2150 4671 2211 4719 4²
2253 4657 2401 4722 (cited
2435 4673 2490 4706 as
2530 4657 2723 4715 Gerb.).
2789 4657 2901 4706 The

709 4719 939 4783 readings
962 4720 1021 4769 of
1035 4719 1171 4769 these
1193 4719 1304 4770 {our
1339 4721 1552 4770 Ordines
1581 4736 1665 4771 are
1694 4729 1781 4771 not
1810 4723 1955 4786 given
1984 4722 2034 4770 in
2067 4720 2138 4771 all
2164 4737 2315 4773 cases.
2381 4722 2530 4772 Some
2564 4722 2623 4772 of
2648 4723 2784 4772 them
2817 4739 2902 4772 are
