3342 5392
367 4581 432 4614 an

433 4497 450 4524 ¹
485 4499 596 4550 The
627 4499 828 4551 Church
861 4500 1042 4551 known
1075 4515 1132 4550 aa
1165 4503 1180 4528 ‘
1199 4501 1342 4552 Foris
1383 4499 1589 4552 Muros.'
1655 4503 1717 4551 R.
1753 4501 1901 4552 omits
1941 4502 2025 4552 the
2060 4502 2222 4552 words
2256 4501 2305 4550 in
2340 4501 2567 4551 brackets

435 4565 468 4613 d

433 4629 454 4660 2

433 4693 454 4724 a

435 4760 454 4790 4

1233 436 1292 490 A
1299 435 1464 491 PPE
1463 433 1627 492 NDI
1619 436 1693 492 X.

1035 597 1215 658 Feria
1255 601 1324 657 vi
1355 600 1439 658 ad
1472 597 1537 660 S.
1581 598 1901 658 Eusebium.

571 712 736 772 Deus
777 713 879 791 qui
921 713 1309 774 ineffabilibus
1342 714 1628 774 mundum

575 810 653 871 Ο.
693 827 740 870 s.
778 810 856 870 D.
897 811 996 890 qui
1038 811 1120 872 sic
1163 812 1465 873 hominem
1507 812 1819 875 condidisti

573 909 744 970 Haec
785 911 1063 971 sacrificia
1104 929 1218 971 nos
1258 930 1314 972 o.
1357 910 1432 970 D.
1475 913 1697 991 potenti

575 1007 745 1068 Haec
786 1027 898 1068 nos
937 1027 997 1088 q.
1038 1008 1190 1070 Dne.
1231 1010 1598 1088 participatio
1639 1011 1985 1071 sacramenti

573 1105 797 1167 Adesto
837 1105 988 1167 Dne.
1031 1108 1260 1186 populis
1301 1109 1402 1187 qui
1443 1125 1606 1168 sacra
1764 1099 1777 1108 ’

797 1264 1038 1326 Sabbato
1077 1267 1160 1325 ad
1193 1265 1258 1327 S.
1305 1266 1683 1325 Laurentium
1725 1262 1835 1347 [ad
1871 1263 2167 1346 Corpus-¹}

572 1379 737 1440 Deus
776 1382 1042 1441 omnium
1083 1380 1610 1441 misericordiarum

573 1478 711 1539 Tua
749 1496 862 1540 nos
901 1479 1053 1540 Dne.
1094 1480 1283 1557 gratia
1324 1489 1383 1540 et
1422 1480 1640 1540 sanctis
1682 1488 1949 1540 exerceat

574 1575 981 1638 oblationibus
1021 1596 1080 1655 q.
1120 1575 1273 1637 Dne.
1315 1577 1546 1655 placare
1587 1578 1869 1655 susceptis

574 1673 713 1734 Tua
751 1692 864 1735 nos
903 1693 962 1752 q.
1009 1674 1159 1734 Dne.
1206 1685 1404 1736 sancta
1445 1676 1753 1753 purificent
1793 1685 1852 1736 et
1890 1676 2228 1753 operatione

574 1773 815 1834 Plebem
855 1783 1018 1832 tuam
1057 1773 1208 1834 Dne.
1249 1791 1305 1850 q.
1351 1774 1588 1834 interius
1629 1775 1999 1852 exteriusque

531 1929 648 1989 Die
686 1927 1006 1990 Domt’m’ca.
1089 1928 1274 1990 Statio
1315 1930 1399 1988 ad
1432 1927 1498 1992 S.
1545 1930 1784 1989 Petrum
1826 1927 1929 2008 (R.
1970 1930 2117 1990 adds
2159 1929 2271 1988 Eb.
2312 1929 2391 2008 v).

573 2045 652 2118 Q.
694 2063 750 2105 o.
792 2044 869 2103 D.
911 2045 1189 2104 familiam
1229 2056 1390 2104 tuam
1432 2045 1713 2123 propitius
1760 2046 1983 2122 respice

573 2142 741 2204 Deus
781 2144 882 2221 qui
923 2145 1284 2222 sperantibus
1325 2144 1386 2202 in
1427 2155 1484 2203 te
1525 2144 1782 2203 misereri

571 2241 824 2303 Munera
863 2259 975 2303 nos
1015 2241 1168 2303 Dne.
1207 2262 1265 2321 q.
1307 2243 1504 2303 oblata
1541 2242 1848 2320 purificent

572 2339 709 2400 VD.
755 2339 1123 2401 Maiestatem
1165 2351 1324 2400 tuam
1365 2341 1712 2418 propensius
1752 2339 2127 2417 implorantes

577 2438 939 2499 Sacramenti
979 2438 1062 2498 tui
1102 2457 1160 2516 q.
1202 2438 1355 2498 Dne.
1397 2439 1760 2516 participatio
1775 2437 1799 2470 ²

573 2536 672 2598 Da
711 2537 882 2597 nobis
922 2555 980 2616 q.
1024 2535 1176 2596 Dne.
1221 2547 1689 2620 perseverantem

694 2693 874 2754 Feria
913 2695 968 2752 εἰ·
999 2695 1081 2754 ad
1116 2693 1182 2755 S.
1229 2693 1641 2772 Chrz'sogonum
1682 2693 1785 2772 (R.
1827 2694 1974 2756 adds
2014 2694 2124 2756 Eb.
2170 2693 2247 2775 v).

576 2810 884 2872 Sanctifica
923 2828 980 2887 q.
1022 2809 1177 2870 Dne.
1221 2821 1420 2872 nostra
1461 2810 1677 2869 ieiunia

574 2908 797 2968 Adesto
839 2909 1352 2986 supplicationibus
1394 2909 1605 2969 nostris
1647 2927 1704 2968 o.
1747 2905 1820 2968 D.
1870 2916 1927 2968 et
1970 2909 2181 2986 quibus

574 3006 854 3068 Concede
896 3007 1068 3066 nobis
1110 3004 1264 3065 Dne.
1305 3025 1364 3084 q.
1407 3014 1471 3065 ut
1509 3005 1655 3065 haec
1697 3005 1885 3066 hostia

573 3105 797 3163 Adesto
839 3105 1012 3164 nobis
1052 3103 1204 3163 Dne.
1250 3103 1327 3163 D.
1371 3113 1566 3163 noster
1608 3112 1666 3162 et
1709 3121 1860 3180 quos
1901 3104 2045 3163 tuis³

575 3201 920 3262 Benedictio
963 3201 1114 3260 Dne.
1157 3220 1213 3279 q.
1255 3201 1314 3259 in
1357 3210 1489 3260 tuos
1533 3201 1729 3260 fideles

719 3356 786 3416 F
779 3362 901 3418 cria
942 3359 1018 3416 iii
1051 3358 1134 3417 ad
1169 3356 1231 3418 S.
1281 3357 1584 3434 Cyrt'acum
1625 3356 1731 3436 (R.
1772 3358 1920 3418 adds
1961 3359 2070 3418 Εὖ.
2113 3359 2207 3440 v.).

574 3469 792 3534 Nostra
833 3474 935 3534 tibi
975 3493 1032 3552 q.
1074 3471 1224 3533 Dne.
1255 3473 1396 3532 fiant
1435 3483 1680 3549 accepta

572 3571 964 3633 Afflictionem
1005 3570 1256 3631 familiae
1297 3581 1431 3631 tuae
1471 3589 1526 3648 q.
1571 3570 1723 3630 Dne.

534 3661 816 3730 *Hostias
859 3669 962 3730 tibi
1003 3668 1152 3730 Dne.
1200 3667 1514 3730 deferimus
1556 3668 1945 3730 immolandas
1962 3671 1984 3702 ⁴

571 3765 670 3828 Da
708 3787 766 3846 q.
808 3785 868 3827 ο.
907 3767 985 3826 D.
1025 3777 1090 3827 ut
1131 3787 1281 3845 quae
1323 3767 1518 3828 divina
1557 3780 1695 3827 sunt

565 3865 776 3927 Libera
815 3864 965 3926 Dne.
1008 3886 1065 3945 q.
1108 3885 1144 3926 a
1184 3867 1436 3944 peccatis
1478 3877 1536 3927 et
1577 3867 1843 3927 hostibus

637 4023 706 4082 F
696 4027 817 4084 cria
857 4027 918 4084 iv
959 4026 1041 4084 ad
1075 4023 1141 4084 S.
1181 4023 1526 4084 Marcellum
1568 4023 1942 4104 <Marcellae
1972 4023 2081 4085 Εὐ.
2110 4045 2163 4084 v.
2186 4025 2303 4104 R.).

577 4138 950 4201 Sanctificate
991 4140 1104 4201 hoc
1144 4141 1361 4201 ieiunio
1402 4139 1476 4199 D.
1521 4151 1755 4201 tuorum
1796 4139 1975 4201 corda

572 4237 800 4299 Ieiunia
836 4257 893 4316 q.
936 4239 1089 4298 Dne.
1133 4257 1284 4315 quae
1326 4239 1506 4300 sacris

573 4337 787 4396 Annue
829 4355 908 4395 m.
951 4337 1026 4397 D.
1071 4346 1135 4396 ut
1176 4336 1396 4396 hostias
1437 4337 1781 4414 placationis

489 4566 1037 4682 {dtffash'tzeula'gsoeom
1060 4633 1237 4682 Adesto
1257 4633 1394 4682 nobis
1417 4632 1520 4696 (see
1544 4633 1698 4682 Gerb.
1724 4648 1777 4697 p.
1796 4631 1900 4694 60).

487 4697 548 4746 R.
571 4697 662 4747 has
683 4698 768 4748 the
788 4698 1034 4748 Postcom.
1060 4700 1376 4747 Sacramenti
1395 4699 1480 4747 tui
1501 4701 1603 4760 (see
1626 4699 1777 4747 Gerb.
1801 4714 1850 4763 p.
1876 4697 1980 4762 59).

487 4763 548 4815 R.
572 4763 693 4814 does
713 4769 802 4816 not
823 4764 936 4813 here
959 4779 1102 4828 agree
1124 4763 1248 4813 with
1269 4762 1322 4813 S¹
1347 4765 1435 4814 but
1456 4763 1579 4814 with
1601 4764 1828 4814 Gerbert.

2440 447 2563 514 331

2622 607 2775 657 Gerb.

2624 687 2709 738 PP·
2734 683 2817 736 57,
2837 673 2915 734 58·

2622 1262 2773 1312 Gerb.
2785 1279 2834 1326 p.
2854 1263 2936 1324 58.

2624 1931 2773 1981 Gerb.
2783 1947 2831 1996 p.
2854 1943 2931 1994 59.

2625 2699 2777 2750 Gerb.
2788 2715 2839 2764 p.
2848 2699 2929 2750 60.

2624 3367 2776 3419 Gerb.

2620 3449 2705 3498 pp.
2729 3433 2811 3494 60,
2828 3432 2910 3483 61.

2622 4039 2773 4090 Gerb.
2783 4056 2831 4105 p.
2848 4041 2929 4090 61.
