3342 5392
1334 428 1796 485 APPENDJX.
2541 439 2663 506 341

1053 655 1066 666 ,
1085 589 1171 673 [iv
1211 591 1356 652 Kal.
1387 592 1544 652 Mai.
1573 591 1715 652 Nat.
1747 590 1808 652 S.
1857 593 2073 654 W‘talzzv.
2726 606 2877 658 Gerb.

681 710 880 772 Sancti
925 725 1035 770 nos
1077 729 1132 786 q.
1177 707 1329 768 Dne.
1375 707 1580 768 Vitalis
1621 707 1882 768 natalitia
2724 689 2776 740 Ρ·
2806 685 2915 737 ¹⁰⁹·

679 811 939 888 Accepta
978 807 1052 869 sit
1091 809 1153 867 in
1194 815 1516 885 conspectu
1554 817 1660 867 tuo
1701 805 1858 866 Dne.

677 907 915 969 Exultet
955 925 1014 986 q.
1055 906 1206 966 Dne.
1250 906 1502 984 populus
1539 901 1726 986 tuus]

1012 1061 1206 1123 Tertia
1232 1061 1541 1122 Domim'ca
1555 1069 1691 1140 post
1719 1059 1839 1122 Oct.
1867 1063 2149 1124 Paschae.
2727 1081 2877 1134 Gerb.

682 1179 760 1240 D.
799 1180 902 1258 qui
943 1179 1198 1239 fidelium
1237 1188 1463 1238 mentes
1503 1179 1679 1238 unius
1720 1179 1901 1239 efficis
2727 1164 2777 1213 P·
2809 1161 2916 1198 ¹¹⁰·

646 1279 909 1340 *Exaudi
948 1276 1102 1350 Dne.
1141 1295 1345 1357 preces
1385 1287 1614 1337 nostras
1655 1285 1723 1337 ut
1762 1277 1924 1356 quod

681 1379 760 1438 D.
800 1378 902 1458 qui
943 1395 1055 1438 nos
1094 1395 1199 1454 per
1238 1376 1412 1436 huius
1453 1377 1717 1436 sacrificii

647 1477 822 1540 ΛΠ).
861 1475 956 1537 De
997 1487 1103 1537 tuo
1143 1493 1385 1535 munere
1425 1474 1787 1554 postulantes

687 1576 912 1637 Adesto
952 1574 1108 1634 Dne.
1149 1573 1226 1633 D.
1267 1585 1465 1635 noster
1506 1584 1570 1635 nt
1610 1591 1715 1652 per
1756 1574 1905 1636 haec

820 1732 890 1792 K
889 1734 964 1793 al.
997 1731 1153 1792 Mai.
1181 1731 1324 1792 Nat.
1354 1731 1742 1810 Apostolorum
1771 1731 2041 1808 Philippi
2061 1737 2113 1789 et
2135 1730 2340 1791 Iocobi.
2733 1766 2883 1816 Gerb.
2908 1781 2995 1831 pp.

683 1849 761 1908 D.
802 1850 905 1929 qui
947 1867 1058 1909 nos
1098 1866 1300 1910 annua
1341 1847 1740 1926 apostolorum
2741 1847 2759 1880 ¹
2772 1846 2847 1892 ¹0»
2870 1845 2889 1880 ¹
2903 1845 2922 1880 ¹
2936 1844 2985 1883 ¹·

683 1947 762 2008 D.
802 1948 904 2028 qui
943 1965 1007 2008 es
1047 1949 1314 2008 omnium
1354 1957 1689 2007 sanctorum

688 2046 943 2107 Munera
982 2045 1136 2106 Dne.
1177 2063 1328 2124 quae
1368 2063 1480 2122 pro
1519 2043 1919 2122 apostolorum

653 2144 824 2204 Nl).
862 2143 1020 2218 Quia
1059 2145 1142 2204 tui
1181 2155 1272 2205 est
1313 2144 1504 2222 operis

691 2241 1008 2304 Beatorum
1047 2242 1463 2320 Apostolorum
1505 2241 1758 2322 Philippi
1800 2251 1859 2302 et
1896 2226 2104 2302 Iacobi

1053 2397 1118 2481 [o
1159 2397 1314 2459 Non.
1341 2397 1498 2460 Mai.
1524 2396 1670 2460 Nat.
1698 2399 1763 2460 S.
1792 2398 2099 2460 Iuvenalis.
2740 2423 2893 2474 Gerb.

689 2513 858 2576 Beati
898 2516 1069 2576 nobis
1111 2534 1169 2593 q.
1211 2513 1363 2575 Dne.
1406 2513 1697 2576 Iuvenalis
2740 2505 2791 2556 Ρ·
2820 2501 2937 2542 ¹¹¹·

690 2614 906 2674 Annue
944 2631 1004 2692 q.
1045 2611 1197 2674 Dne.
1239 2623 1305 2672 ut
1345 2613 1551 2674 merita
1589 2615 1695 2674 tibi
1736 2614 1947 2693 placita

693 2711 937 2773 Hostias
977 2721 1206 2772 nostras
1247 2729 1308 2790 q.
1346 2710 1500 2772 Dne.
1543 2721 1781 2772 sanctus
1822 2713 2087 2791 pontifex

692 2809 859 2870 Laeti
899 2809 1050 2870 Dne.
1095 2811 1450 2887 sumpsimus
1492 2809 1883 2893 sacramenta]

773 2964 1011 3048 [Eodem
1036 2968 1123 3027 daie
1149 2967 1292 3028 Nat.
1322 2967 1377 3028 S
1373 2966 1438 3027 S.
1465 2967 1808 3030 Alexandri
1826 2969 2066 3030 Eventt‘t'
2093 2969 2375 3032 moduli.
2742 3004 2893 3054 Geth
2920 3018 3011 3069 pp

695 3080 930 3143 Praesta
970 3102 1028 3161 q.
1068 3100 1127 3141 o.
1167 3082 1244 3142 D.
1287 3092 1350 3142 ut
1389 3083 1492 3161 qui
1529 3095 1863 3144 sanctorum
2745 3083 2855 3130 ¹¹¹
2883 3082 2993 3118 ¹¹²·

696 3179 1055 3240 Sacrificium
1097 3181 1286 3240 laudis
1326 3181 1430 3241 tibi
1472 3181 1624 3240 Dne.
1667 3182 1969 3242 offerimus

695 3277 880 3338 Pasce
921 3296 1032 3339 nos
1071 3277 1226 3338 Dne.
1269 3289 1500 3338 tuorum
1540 3279 1767 3357 gaudiis
1806 3277 2053 3362 ubique]

1158 3434 1367 3494 Eodem
1395 3435 1484 3494 die
1503 3433 1524 3466 ¹
1549 3435 1683 3496 Inv.
1712 3435 1777 3497 S.
1809 3435 2033 3501 Crucis.
2078 3525 2085 3532 .
2744 3463 2895 3515 Gerb.

693 3550 770 3612 D.
815 3552 914 3629 qui
955 3552 1019 3611 in
1057 3551 1353 3629 praeclara
1393 3551 1720 3612 salutiferae
2742 3545 2794 3596 p.
2822 3542 2934 3579 112.

656 3648 766 3709 Δ).
807 3650 903 3710 cui
943 3659 1189 3711 cunctae
1229 3649 1510 3710 obediunt
1550 3663 1850 3712 creaturae

698 3748 1059 3808 Sacrificium
1100 3747 1253 3808 Dne.
1294 3749 1456 3827 quod
1497 3750 1871 3811 immolamus

695 3843 895 3928 [tvD.
935 3845 1256 3924 Praecipue
1298 3849 1360 3908 in
1401 3848 1496 3907 die
1536 3845 1695 3930 ista]

657 3944 923 4026 *Repleti
967 3945 1246 4004 alimonia
1284 3946 1518 4006 caelesti
1559 3957 1618 4007 et
1657 3947 1899 4026 spiritali

1012 4103 1233 4177 Quarta
1261 4104 1563 4166 Dominica
1576 4113 1711 4183 post
1739 4104 1857 4166 Oct.
1888 4106 2147 4169 Paschae
2161 4109 2201 4169 ².
2744 4133 2893 4184 Geth.

659 4219 768 4278 Α).
811 4237 848 4278 a
887 4237 1010 4297 quo
1050 4219 1209 4280 bona
1250 4229 1464 4280 cuncta
1504 4221 1831 4298 procedunt
2742 4215 2790 4266 Ρ·
2822 4212 2929 4262 ¹¹³·

698 4314 802 4398 [D.
841 4317 943 4395 qui
981 4317 1410 4379 misericordiae
1451 4319 1687 4380 ianuam
1730 4321 1996 4382 fidelibus

699 4416 942 4493 Suscipe
982 4415 1135 4475 Dne.
1176 4415 1430 4477 fidelium
1470 4437 1677 4496 preces

556 4545 675 4597 ¹.V
699 4547 836 4596 Non.
857 4545 1004 4596 Mad.
1027 4547 1090 4599 R.
1116 4547 1299 4612 (omitti
1391 4547 1477 4598 the
1497 4555 1600 4598 two
1622 4550 1815 4599 Minae
1834 4549 1998 4602 which
2020 4553 2227 4618 precede
2248 4553 2383 4604 this'
2369 4570 2419 4604 1n
2443 4553 2535 4617 S.)

558 4611 671 4660 ²R.
694 4612 786 4662 has
813 4627 928 4662 now
949 4611 1068 4676 only
1088 4613 1173 4662 the
1199 4611 1303 4662 first
1379 4613 1532 4664 ollect
1562 4615 1622 4664 of
1640 4615 1743 4664 this
1776 4616 1952 4668 Missa.
2022 4618 2133 4669 One
2167 4618 2272 4669 leaf
2296 4635 2363 4686 ap
2428 4637 2509 4670 ars
2540 4629 2593 4671 to
2626 4621 2689 4672 be

490 4679 729 4742 wanting,
749 4676 915 4730 which
935 4677 1183 4742 probably
1205 4679 1468 4728 contained
1489 4679 1575 4729 the
1595 4688 1695 4731 rest
1717 4679 1777 4731 of
1803 4683 1900 4732 this
1923 4683 2089 4733 Μία-α
2110 4685 2211 4734 and
2241 4687 2327 4735 the
2394 4695 2464 4737 rst
2496 4695 2605 4752 part
2638 4688 2698 4738 of

489 4743 574 4793 the
597 4759 794 4809 prayers
817 4743 916 4795 and
937 4743 1127 4794 Mis-sae
1148 4743 1225 4794 for
1245 4744 1331 4795 the
1355 4744 1606 4809 Rogation
1629 4747 1787 4810 Days.
