3342 5392
361 1068 517 1119 Gerb.
543 1079 656 1130 3²0·

360 1136 501 1184 Pam.
528 1147 644 1197 459.

361 1199 528 1250 Leofr.
547 1196 656 1265 196.

364 1630 515 1708 Get-b.
545 1670 656 1721 3²0·

362 1726 502 1774 Pam.
525 1737 638 1788 459.

365 1790 518 1841 Iaeon.
545 1803 658 1854 453.

368 2252 521 2329 Gerb.
547 2292 660 2342 320.

364 2346 504 2395 Pam·
530 2357 646 2409 459·

367 2411 522 2460 Leon.
544 2423 658 2474 452.

368 2877 524 2956 G'erb.
549 2917 662 2966 320.

369 2973 508 3022 Pam·
531 2985 646 3036 459·

375 3817 529 3868 Gerb.
554 3829 666 3879 320.

373 3884 514 3933 Pam.
537 3896 652 3946 459.

373 3947 437 3999 ef.
461 3949 615 3998 Leon.

374 4028 488 4079 452·

717 378 846 462 306
1287 385 1543 442 LIBER
1583 385 2357 442 SACRAMENTORUM

2596 383 2719 449 [111.
2744 385 2913 434 xcviii.

1652 613 1973 672 XCVIII.

721 743 1166 810 ORATIONES
1196 759 1301 808 AD
1333 757 1588 809 MISSAS
1620 757 1764 810 PRO
1801 756 2229 808 DEFUNCTIS
2265 757 2919 810 DESIDERANTIBUS

976 859 1556 913 POENITBNTIAM
1605 861 1702 912 ET
1748 861 2107 912 MINIMUM
2152 847 2673 915 CONSECUT181.

814 986 872 1051 S
875 987 904 1050 i
941 987 1090 1069 quis
1107 983 1134 1022 ²
1162 988 1638 1070 poenitentiam
1665 995 1911 1069 petens,
1940 986 2101 1050 dum
2142 985 2437 1051 sacerdos
2480 987 2677 1061 venit,
2699 987 2927 1070 suerit

724 1090 1002 1174 officium
1030 1091 1296 1172 linguae
1313 1090 1651 1174 privatus,
1680 1091 2101 1155 constitutum
2129 1099 2242 1166 est,
2273 1100 2353 1154 ut
2379 1092 2447 1156 si
2481 1090 2708 1154 idonea
2748 1091 2921 1154 testi-

727 1195 948 1258 monia
997 1193 1112 1258 hoc
1167 1194 1492 1270 dixerunt,
1541 1203 1610 1258 et
1657 1194 1789 1277 ipse
1822 1204 1949 1277 per
1994 1203 2208 1258 motus
2264 1194 2517 1275 aliquos
2569 1195 2923 1278 satiffacit,

724 1296 1019 1363 sacerdos
1048 1298 1315 1380 impleat
1337 1299 1558 1364 omnia
1587 1298 1762 1363 circa
1775 1299 2227 1382 poenitentem,
2257 1308 2337 1362 ut
2361 1299 2566 1364 moris
2591 1307 2706 1365 est.

1518 1461 1690 1525 Item
1730 1459 1828 1526 ad
1864 1463 2115 1527 missas.

813 1581 1257 1666 Omnipotens
1279 1591 1348 1648 et
1370 1582 1739 1648 misericors
1772 1583 1977 1660 Deus,
2007 1582 2074 1647 in
2099 1583 2283 1648 cuius
2312 1581 2606 1650 humana
2634 1581 2926 1647 conditio

724 1696 1060 1772 potestate
1089 1687 1408 1762 consistit,
1438 1687 1731 1751 animam
1758 1685 1786 1725 ³
1822 1685 2051 1752 famuli
2087 1687 2187 1752 tui
2231 1685 2443 1763 Illius,
2474 1705 2924 1770 quaaeuomus,
2954 1689 3079 1746 757

724 1792 813 1856 ab
842 1790 1150 1855 omnibus
1177 1789 1451 1856 absolve
1481 1790 1789 1873 peccatiS,
1807 1800 1883 1856 ut
1912 1790 2365 1874 poenitentiae
2396 1791 2695 1868 fructum,
2724 1809 2926 1873 quem

727 1895 1032 1960 voluntas
1076 1894 1214 1958 eius
1259 1893 1538 1976 optavit,
1569 1905 1967 1977 praeventus
2010 1894 2419 1959 mortalitate
2436 1891 2465 1930 ⁴
2504 1914 2637 1959 non
2668 1894 2927 1978 perdat.

728 2000 872 2064 Per.
915 2025 958 2082 γ

1673 2093 1968 2150 merem.

818 2205 1200 2272 Satisfaciat
1244 2205 1384 2282 tibi,
1432 2205 1742 2284 Domine,
1784 2225 2207 2288 quaesumus,
2250 2226 2375 2289 pro
2423 2205 2643 2270 anima
2695 2202 2925 2268 famuli

728 2311 825 2375 tui
856 2309 1070 2387 Illius,
1099 2309 1395 2374 sacrificii
1427 2309 1788 2392 praesentis
1818 2307 2087 2387 oblatio,
2110 2318 2179 2374 et
2209 2320 2631 2391 peccatorum
2660 2309 2924 2372 veniam

729 2433 930 2499 quam
976 2413 1302 2497 quaesivit
1339 2413 1628 2478 inveniat
1651 2411 1716 2491 ⁵3
1765 2421 1833 2476 et
1877 2413 2055 2496 quod
2095 2412 2315 2478 officio
2356 2413 2619 2497 linguae
2654 2410 2927 2494 implere

731 2535 864 2581 non
911 2517 1133 2600 potuit
1183 2516 1599 2581 desideratae
1621 2515 1647 2554 ⁰
1694 2517 2144 2600 poenitentiae
2190 2516 2728 2598 compensatione
2777 2533 2926 2596 per-

729 2621 947 2703 cipiat.
1039 2620 1181 2684 Per.
1227 2646 1267 2703 γ

1539 2711 1732 2770 Intra
1759 2713 2114 2772 notionem.

821 2827 1020 2892 Hanc
1050 2825 1246 2910 igitur
1264 2825 1691 2902 oblationem,
1723 2847 1923 2910 quam
1956 2828 2080 2891 tibi
2110 2825 2307 2891 offert
2336 2825 2582 2891 famula
2614 2833 2729 2889 tua
2756 2821 2930 2890 Illa⁷

735 2951 858 3016 pro
887 2930 1109 2994 anima
1149 2929 1379 2994 famuli
1419 2931 1516 2993 tui
1544 2930 1759 3006 Illius,
1789 2933 1974 2996 cuius
2020 2931 2457 3014 depositionis
2487 2929 2667 2994 diem
2697 2927 2885 2993 illum
2904 2928 2929 2967 ⁸

732 3034 1162 3111 celebramus,
1211 3053 1630 3117 quaesumUS,
1687 3036 1996 3113 Domine,
2044 3044 2118 3099 ut
2169 3034 2470 3118 placatus
2512 3033 2818 3116 accipias,
2862 3041 2933 3096 et

732 3136 1043 3203 ineffabili
1067 3137 1318 3221 pietate
1347 3138 1669 3202 concedas
1688 3137 1713 3175 ⁹
1747 3147 1820 3203 ut
1860 3138 2041 3221 quod
2073 3138 2315 3221 exequi
2354 3145 2749 3222 praeventus
2778 3155 2932 3199 con-

733 3243 990 3306 ditione
1020 3240 1282 3305 mortali
1330 3241 1695 3307 ministerio
1738 3242 1997 3325 linguae
2036 3263 2169 3306 non
2204 3243 2427 3325 potuit
2464 3249 2795 3306 mereatur
2834 3239 2931 3301 in-

735 3344 1144 3428 dulgentiam
1189 3345 1658 3427 sempiternam
1679 3344 1751 3420 ¹⁰,
1782 3365 1955 3428 quae
1988 3345 2055 3409 in
2099 3346 2239 3410 eius
2280 3353 2499 3409 mente
2545 3363 2680 3408 non
2723 3342 2931 3407 defuit

733 3449 1098 3534 poenitenti
1123 3447 1197 3512 ¹¹.
1287 3447 1512 3532 Quam
1541 3447 1950 3514 oblationem
1970 3447 2045 3512 ¹².
2094 3473 2136 3529 γ

1575 3628 2080 3684 Poetoommun.

825 3741 1028 3818 DeuS,
1091 3759 1133 3803 a
1189 3759 1324 3823 quo
1381 3749 1682 3824 speratur
1740 3741 2010 3805 humani
2064 3741 2361 3824 corporis
2378 3739 2434 3778 ¹⁸
2495 3761 2693 3805 omne
2749 3739 2930 3822 quod

733 3845 986 3910 bonurn
1032 3851 1152 3922 est,
1195 3842 1412 3909 tribue
1457 3864 1576 3927 per
1618 3844 1781 3909 haec
1826 3855 2055 3910 sancta
2079 3841 2155 3925 ¹⁴,
2193 3865 2613 3927 quaesumuS‚
2646 3853 2721 3909 ut
2763 3845 2936 3908 sicut

735 3949 996 4014 animae
1033 3945 1258 4011 famuli
1303 3948 1398 4012 tui
1442 3947 1639 4014 Illius
1683 3949 2130 4030 poenitentiae
2173 3947 2341 4014 velle
2385 3949 2669 4027 donasti,
2698 3947 2792 4011 sic
2838 3947 2935 4010 in-

736 4050 1146 4135 dulgentiam
1173 4050 1393 4115 tribue
1415 4050 1466 4088 ¹⁵
1498 4052 1847 4118 miseratus
1874 4062 2194 4137 optatam.
2283 4052 2430 4115 Per.
2474 4079 2517 4134 γ

801 4203 820 4232 ¹
853 4203 963 4256 The
995 4204 1107 4255 title
1142 4206 1194 4255 in
1226 4204 1290 4256 V.
1323 4206 1368 4256 is
1401 4205 1653 4270 evidently
1684 4215 1911 4270 corrupt:
1963 4205 2004 4256 it
2033 4205 2207 4256 stands
2238 4204 2352 4256 thus
2388 4206 2529 4255 Orat.
2566 4205 2640 4256 ad
2663 4205 2936 4318 Min-gro

735 4270 951 4336 defunct.
974 4271 1120 4320 acius
1139 4270 1532 4321 desiderantibm
1543 4272 1882 4337 penitenciam
1903 4278 1950 4322 et
1972 4272 2247 4321 minimum
2268 4278 2562 4321 consecutus.
2758 4269 2779 4298 ²
2859 4272 2938 4320 his

736 4337 980 4387 direction
1001 4338 1044 4386 is
1065 4337 1234 4386 drawn
1257 4336 1386 4386 from
1407 4353 1438 4385 a
1471 4337 1642 4387 decree
1671 4337 1940 4387 attributed
1972 4337 2041 4400 by
2062 4337 2156 4386 Ivo
2190 4337 2249 4386 of
2274 4336 2513 4387 chastres
2535 4343 2591 4386 to
2614 4336 2750 4401 Pope
2781 4335 2936 4385 Euse-

736 4403 864 4464 bius,
887 4401 1052 4452 which
1072 4417 1188 4466 may
1299 4402 1426 4480 haps
1446 4403 1572 4453 have
1592 4418 1732 4453 some
1752 4403 1913 4453 better
1933 4401 2084 4453 claim
2107 4410 2163 4453 to
2184 4403 2247 4452 be
2270 4401 2557 4452 considered
2578 4403 2790 4466 genuine
2812 4401 2937 4450 than

737 4468 826 4519 the
847 4466 990 4517 other
1017 4468 1216 4518 decreta
1281 4467 1445 4518 which
1477 4467 1604 4518 have
1633 4469 1760 4518 been
1790 4468 2020 4532 assigned
2049 4473 2103 4517 to
2133 4468 2219 4518 the
2246 4483 2382 4517 same
2414 4466 2607 4516 author.
2672 4467 2722 4516 It
2752 4468 2795 4516 is
2824 4482 2938 4531 pre-

737 4533 868 4582 fixed
891 4540 946 4582 to
969 4533 1054 4583 the
1075 4534 1240 4583 Mssa
1261 4533 1314 4582 in
1336 4532 1401 4584 R.
1422 4533 1561 4582 Pam.
1585 4532 1751 4582 Leofr.
1774 4549 1831 4582 as
1852 4533 1965 4582 well
1994 4548 2052 4582 as
2078 4534 2130 4582 in
2152 4531 2213 4582 V.
2281 4533 2393 4582 The
2418 4533 2613 4583 version
2646 4531 2699 4582 in
2728 4533 2867 4581 Pam.
2892 4531 2938 4582 is

738 4614 894 4658 more,
927 4597 1036 4649 that
1068 4599 1119 4648 in
1149 4599 1212 4651 R.
1249 4598 1346 4648 less
1377 4605 1566 4649 correct
1597 4597 1720 4648 than
1750 4597 1861 4648 that
1896 4598 1957 4648 of
1982 4598 2068 4648 the
2102 4605 2221 4660 text,
2256 4597 2307 4646 in
2341 4597 2507 4648 which
2540 4597 2603 4649 V.
2638 4598 2735 4647 and
2769 4597 2937 4648 Leofr.

737 4664 922 4714 almost
941 4664 1135 4727 exaetly
1155 4680 1316 4728 agree.
1452 4663 1472 4692 ³
1502 4665 1683 4714 anima
1700 4664 1761 4712 V.
1782 4664 1844 4712 R.
1864 4681 1877 4723 ;
1899 4665 2038 4713 Pam.
2062 4664 2215 4714 Leon.
2236 4679 2293 4714 as
2308 4670 2428 4714 text.
2560 4663 2579 4692 ⁴
2610 4663 2940 4713 mortalitatis·

739 4729 803 4778 V.
827 4729 889 4778 R.
912 4745 927 4790 3
962 4730 1098 4780 Pam.
1125 4729 1274 4780 Leon.
1304 4745 1359 4778 as
1380 4736 1495 4779 text.
1686 4731 1706 4761 ⁵
1738 4729 1891 4779 Leon.
1918 4729 2155 4795 (perhaps
2175 4730 2243 4792 by
2268 4745 2329 4779 an
2353 4729 2512 4793 error)
2534 4729 2707 4778 makes
2729 4745 2759 4778 a
2781 4729 2939 4778 break
