<?xml version="1.0" encoding="UTF-8"?>
<!DOCTYPE html PUBLIC "-//W3C//DTD XHTML 1.0 Transitional//EN"
    "http://www.w3.org/TR/xhtml1/DTD/xhtml1-transitional.dtd">
<html xmlns="http://www.w3.org/1999/xhtml" xml:lang="en" lang="en">
 <head>
  <title>
</title>
<meta http-equiv="Content-Type" content="text/html;charset=utf-8" />
  <meta name='ocr-system' content='tesseract 3.04.00' />
  <meta name='ocr-capabilities' content='ocr_page ocr_carea ocr_par ocr_line ocrx_word'/>
</head>
<body>
  <div class='ocr_page' id='page_1' title='image "./gelasiansacrame00gelagoog_0427.png"; bbox 0 0 3342 5392; ppageno 0'>
   <div class='ocr_carea' id='block_1_1' title="bbox 1272 451 2604 524">
    <p class='ocr_par' dir='ltr' id='par_1_1' title="bbox 1272 451 2604 524">
     <span class='ocr_line' id='line_1_1' title="bbox 1272 451 2604 524; baseline 0.011 -17"><span class='ocrx_word' id='word_1_1' title='bbox 1272 452 1729 508; x_wconf 80' lang='lat' dir='ltr'><strong>APPENDJX.</strong></span> <span class='ocrx_word' id='word_1_2' title='bbox 2476 451 2604 524; x_wconf 84' lang='lat'><strong>335</strong></span> 
     </span>
    </p>
   </div>
   <div class='ocr_carea' id='block_1_2' title="bbox 613 618 1440 681">
    <p class='ocr_par' dir='ltr' id='par_1_2' title="bbox 613 618 1440 681">
     <span class='ocr_line' id='line_1_2' title="bbox 613 618 1440 681; baseline -0.004 0"><span class='ocrx_word' id='word_1_3' title='bbox 613 621 684 681; x_wconf 90' lang='lat' dir='ltr'><strong>D.</strong></span> <span class='ocrx_word' id='word_1_4' title='bbox 731 618 1221 680; x_wconf 84' lang='lat' dir='ltr'><strong>incommutabilis</strong></span> <span class='ocrx_word' id='word_1_5' title='bbox 1263 619 1440 678; x_wconf 81' lang='lat' dir='ltr'><strong>virtus</strong></span> 
     </span>
    </p>
   </div>
   <div class='ocr_carea' id='block_1_3' title="bbox 611 757 1769 954">
    <p class='ocr_par' dir='ltr' id='par_1_3' title="bbox 611 757 1769 954">
     <span class='ocr_line' id='line_1_3' title="bbox 1236 757 1769 818; baseline -0.006 -1"><span class='ocrx_word' id='word_1_6' title='bbox 1236 758 1331 818; x_wconf 85' lang='lat' dir='ltr'><strong>De</strong></span> <span class='ocrx_word' id='word_1_7' title='bbox 1357 757 1656 818; x_wconf 80' lang='lat' dir='ltr'><strong>Abraham</strong></span> <span class='ocrx_word' id='word_1_8' title='bbox 1686 759 1769 815; x_wconf 77' lang='lat' dir='ltr'><strong>iii.</strong></span> 
     </span>
     <span class='ocr_line' id='line_1_4' title="bbox 611 876 1457 954; baseline -0.004 -17"><span class='ocrx_word' id='word_1_9' title='bbox 611 877 688 937; x_wconf 91' lang='lat' dir='ltr'><strong>D.</strong></span> <span class='ocrx_word' id='word_1_10' title='bbox 730 876 984 937; x_wconf 81' lang='lat' dir='ltr'><strong>fidelium</strong></span> <span class='ocrx_word' id='word_1_11' title='bbox 1025 885 1188 954; x_wconf 83' lang='lat' dir='ltr'><strong>pater</strong></span> <span class='ocrx_word' id='word_1_12' title='bbox 1229 892 1457 936; x_wconf 90' lang='lat' dir='ltr'><strong>summe</strong></span> 
     </span>
    </p>
   </div>
   <div class='ocr_carea' id='block_1_4' title="bbox 610 1021 2069 1219">
    <p class='ocr_par' dir='ltr' id='par_1_4' title="bbox 610 1021 2069 1219">
     <span class='ocr_line' id='line_1_5' title="bbox 936 1021 2069 1086; baseline -0.004 -2"><span class='ocrx_word' id='word_1_13' title='bbox 936 1024 1015 1084; x_wconf 84' lang='lat' dir='ltr'><strong>In</strong></span> <span class='ocrx_word' id='word_1_14' title='bbox 1041 1025 1254 1086; x_wconf 86' lang='lat' dir='ltr'><em>Exodo</em></span> <span class='ocrx_word' id='word_1_15' title='bbox 1281 1026 1340 1084; x_wconf 77' lang='lat' dir='ltr'><strong>iv</strong></span> <span class='ocrx_word' id='word_1_16' title='bbox 1367 1043 1492 1083; x_wconf 84' lang='lat' dir='ltr'><strong>cum</strong></span> <span class='ocrx_word' id='word_1_17' title='bbox 1519 1029 1663 1083; x_wconf 80' lang='lat' dir='ltr'><strong>cant.</strong></span> <span class='ocrx_word' id='word_1_18' title='bbox 1748 1021 2069 1082; x_wconf 84' lang='lat' dir='ltr'><strong>Cantemus</strong></span> 
     </span>
     <span class='ocr_line' id='line_1_6' title="bbox 610 1139 1495 1219; baseline -0.003 -18"><span class='ocrx_word' id='word_1_19' title='bbox 610 1141 689 1201; x_wconf 89' lang='lat' dir='ltr'><strong>D.</strong></span> <span class='ocrx_word' id='word_1_20' title='bbox 733 1141 897 1202; x_wconf 89' lang='lat' dir='ltr'><strong>cuius</strong></span> <span class='ocrx_word' id='word_1_21' title='bbox 935 1141 1174 1219; x_wconf 82' lang='lat' dir='ltr'><strong>antiqua</strong></span> <span class='ocrx_word' id='word_1_22' title='bbox 1214 1139 1495 1201; x_wconf 81' lang='lat' dir='ltr'><strong>miracula</strong></span> 
     </span>
    </p>
   </div>
   <div class='ocr_carea' id='block_1_5' title="bbox 613 1279 1974 1474">
    <p class='ocr_par' dir='ltr' id='par_1_5' title="bbox 613 1279 1974 1474">
     <span class='ocr_line' id='line_1_7' title="bbox 1033 1279 1974 1341; baseline 0 -2"><span class='ocrx_word' id='word_1_23' title='bbox 1033 1279 1112 1339; x_wconf 84' lang='lat' dir='ltr'><strong>In</strong></span> <span class='ocrx_word' id='word_1_24' title='bbox 1139 1279 1304 1340; x_wconf 72' lang='lat' dir='ltr'><strong>Lsaz&#39;a</strong></span> <span class='ocrx_word' id='word_1_25' title='bbox 1331 1299 1386 1340; x_wconf 85' lang='lat' dir='ltr'><strong>v.</strong></span> <span class='ocrx_word' id='word_1_26' title='bbox 1471 1279 1640 1341; x_wconf 85' lang='lat' dir='ltr'><strong>Haec</strong></span> <span class='ocrx_word' id='word_1_27' title='bbox 1683 1279 1974 1341; x_wconf 85' lang='lat' dir='ltr'><strong>hereditas</strong></span> 
     </span>
     <span class='ocr_line' id='line_1_8' title="bbox 613 1395 1689 1474; baseline -0.002 -16"><span class='ocrx_word' id='word_1_28' title='bbox 613 1395 690 1460; x_wconf 92' lang='grc' dir='ltr'><strong>Ο.</strong></span> <span class='ocrx_word' id='word_1_29' title='bbox 731 1415 781 1457; x_wconf 88' lang='lat' dir='ltr'><strong>s.</strong></span> <span class='ocrx_word' id='word_1_30' title='bbox 821 1395 898 1457; x_wconf 89' lang='lat' dir='ltr'><strong>D.</strong></span> <span class='ocrx_word' id='word_1_31' title='bbox 940 1396 1257 1474; x_wconf 85' lang='lat' dir='ltr'><strong>multiplica</strong></span> <span class='ocrx_word' id='word_1_32' title='bbox 1296 1397 1362 1454; x_wconf 89' lang='lat' dir='ltr'><strong>in</strong></span> <span class='ocrx_word' id='word_1_33' title='bbox 1402 1396 1689 1457; x_wconf 88' lang='lat' dir='ltr'><strong>honorem</strong></span> 
     </span>
    </p>
   </div>
   <div class='ocr_carea' id='block_1_6' title="bbox 611 1535 1983 1734">
    <p class='ocr_par' dir='ltr' id='par_1_6' title="bbox 611 1535 1983 1734">
     <span class='ocr_line' id='line_1_9' title="bbox 1017 1535 1983 1599; baseline 0 -3"><span class='ocrx_word' id='word_1_34' title='bbox 1017 1536 1094 1597; x_wconf 88' lang='lat' dir='ltr'><strong>In</strong></span> <span class='ocrx_word' id='word_1_35' title='bbox 1122 1537 1416 1597; x_wconf 75' lang='lat' dir='ltr'><strong>Hieremia</strong></span> <span class='ocrx_word' id='word_1_36' title='bbox 1443 1540 1520 1599; x_wconf 81' lang='lat' dir='ltr'><strong>vi.</strong></span> <span class='ocrx_word' id='word_1_37' title='bbox 1604 1538 1765 1597; x_wconf 89' lang='lat' dir='ltr'><strong>Audi</strong></span> <span class='ocrx_word' id='word_1_38' title='bbox 1804 1535 1983 1597; x_wconf 82' lang='lat' dir='ltr'><strong>Israel</strong></span> 
     </span>
     <span class='ocr_line' id='line_1_10' title="bbox 611 1653 1955 1734; baseline -0.001 -20"><span class='ocrx_word' id='word_1_39' title='bbox 611 1653 688 1714; x_wconf 93' lang='lat' dir='ltr'><strong>D.</strong></span> <span class='ocrx_word' id='word_1_40' title='bbox 730 1654 832 1732; x_wconf 89' lang='lat' dir='ltr'><strong>qui</strong></span> <span class='ocrx_word' id='word_1_41' title='bbox 871 1654 1178 1714; x_wconf 84' lang='lat' dir='ltr'><strong>ecclesiam</strong></span> <span class='ocrx_word' id='word_1_42' title='bbox 1220 1665 1378 1714; x_wconf 84' lang='lat' dir='ltr'><strong>tuam</strong></span> <span class='ocrx_word' id='word_1_43' title='bbox 1420 1673 1650 1732; x_wconf 87' lang='lat' dir='ltr'><strong>semper</strong></span> <span class='ocrx_word' id='word_1_44' title='bbox 1693 1655 1955 1734; x_wconf 87' lang='lat' dir='ltr'><strong>gentium</strong></span> 
     </span>
    </p>
   </div>
   <div class='ocr_carea' id='block_1_7' title="bbox 615 1793 2116 1991">
    <p class='ocr_par' dir='ltr' id='par_1_7' title="bbox 615 1793 2116 1991">
     <span class='ocr_line' id='line_1_11' title="bbox 876 1793 2116 1874; baseline 0 -20"><span class='ocrx_word' id='word_1_45' title='bbox 876 1793 953 1854; x_wconf 86' lang='lat' dir='ltr'><strong>In</strong></span> <span class='ocrx_word' id='word_1_46' title='bbox 981 1793 1246 1855; x_wconf 77' lang='lat' dir='ltr'><strong>Ezechiel</strong></span> <span class='ocrx_word' id='word_1_47' title='bbox 1268 1797 1367 1855; x_wconf 78' lang='lat' dir='ltr'><strong>vii.</strong></span> <span class='ocrx_word' id='word_1_48' title='bbox 1450 1795 1630 1856; x_wconf 86' lang='lat' dir='ltr'><strong>Facta</strong></span> <span class='ocrx_word' id='word_1_49' title='bbox 1672 1806 1763 1855; x_wconf 92' lang='lat' dir='ltr'><strong>est</strong></span> <span class='ocrx_word' id='word_1_50' title='bbox 1804 1813 1978 1874; x_wconf 89' lang='lat' dir='ltr'><strong>super</strong></span> <span class='ocrx_word' id='word_1_51' title='bbox 2020 1812 2116 1854; x_wconf 90' lang='lat' dir='ltr'><strong>me</strong></span> 
     </span>
     <span class='ocr_line' id='line_1_12' title="bbox 615 1909 1556 1991; baseline 0 -21"><span class='ocrx_word' id='word_1_52' title='bbox 615 1909 692 1971; x_wconf 90' lang='lat' dir='ltr'><strong>D.</strong></span> <span class='ocrx_word' id='word_1_53' title='bbox 733 1912 835 1991; x_wconf 89' lang='lat' dir='ltr'><strong>qui</strong></span> <span class='ocrx_word' id='word_1_54' title='bbox 875 1929 986 1972; x_wconf 90' lang='lat' dir='ltr'><strong>nos</strong></span> <span class='ocrx_word' id='word_1_55' title='bbox 1026 1911 1104 1970; x_wconf 88' lang='lat' dir='ltr'><strong>ad</strong></span> <span class='ocrx_word' id='word_1_56' title='bbox 1145 1911 1556 1972; x_wconf 83' lang='lat' dir='ltr'><strong>celebrandum</strong></span> 
     </span>
    </p>
   </div>
   <div class='ocr_carea' id='block_1_8' title="bbox 619 2049 2077 2245">
    <p class='ocr_par' dir='ltr' id='par_1_8' title="bbox 619 2049 2077 2245">
     <span class='ocr_line' id='line_1_13' title="bbox 898 2049 2077 2114; baseline -0.002 -4"><span class='ocrx_word' id='word_1_57' title='bbox 898 2049 976 2110; x_wconf 84' lang='lat' dir='ltr'><strong>In</strong></span> <span class='ocrx_word' id='word_1_58' title='bbox 1003 2050 1168 2111; x_wconf 79' lang='lat' dir='ltr'><strong>Isaia</strong></span> <span class='ocrx_word' id='word_1_59' title='bbox 1193 2054 1306 2112; x_wconf 77' lang='lat' dir='ltr'><strong>viii</strong></span> <span class='ocrx_word' id='word_1_60' title='bbox 1324 2071 1448 2112; x_wconf 85' lang='lat' dir='ltr'><strong>cum</strong></span> <span class='ocrx_word' id='word_1_61' title='bbox 1475 2060 1624 2114; x_wconf 82' lang='lat' dir='ltr'><strong>cant.</strong></span> <span class='ocrx_word' id='word_1_62' title='bbox 1709 2051 1897 2113; x_wconf 88' lang='lat' dir='ltr'><strong>Vinea</strong></span> <span class='ocrx_word' id='word_1_63' title='bbox 1937 2051 2077 2110; x_wconf 87' lang='lat' dir='ltr'><strong>Dni.</strong></span> 
     </span>
     <span class='ocr_line' id='line_1_14' title="bbox 619 2165 1918 2245; baseline 0.002 -20"><span class='ocrx_word' id='word_1_64' title='bbox 619 2165 694 2225; x_wconf 88' lang='lat' dir='ltr'><strong>D.</strong></span> <span class='ocrx_word' id='word_1_65' title='bbox 736 2167 836 2245; x_wconf 86' lang='lat' dir='ltr'><strong>qui</strong></span> <span class='ocrx_word' id='word_1_66' title='bbox 877 2167 938 2226; x_wconf 89' lang='lat' dir='ltr'><strong>in</strong></span> <span class='ocrx_word' id='word_1_67' title='bbox 979 2168 1251 2229; x_wconf 88' lang='lat' dir='ltr'><strong>omnibus</strong></span> <span class='ocrx_word' id='word_1_68' title='bbox 1292 2168 1570 2229; x_wconf 81' lang='lat' dir='ltr'><strong>ecclesiae</strong></span> <span class='ocrx_word' id='word_1_69' title='bbox 1611 2179 1746 2229; x_wconf 83' lang='lat' dir='ltr'><strong>tuae</strong></span> <span class='ocrx_word' id='word_1_70' title='bbox 1787 2169 1918 2228; x_wconf 88' lang='lat' dir='ltr'><strong>filiis</strong></span> 
     </span>
    </p>
   </div>
   <div class='ocr_carea' id='block_1_9' title="bbox 618 2306 2213 2503">
    <p class='ocr_par' dir='ltr' id='par_1_9' title="bbox 618 2306 2213 2503">
     <span class='ocr_line' id='line_1_15' title="bbox 917 2306 2213 2387; baseline 0.001 -20"><span class='ocrx_word' id='word_1_71' title='bbox 917 2307 996 2367; x_wconf 88' lang='lat' dir='ltr'><strong>In</strong></span> <span class='ocrx_word' id='word_1_72' title='bbox 1023 2306 1234 2368; x_wconf 86' lang='lat' dir='ltr'><em>Exodo</em></span> <span class='ocrx_word' id='word_1_73' title='bbox 1261 2311 1350 2370; x_wconf 83' lang='lat' dir='ltr'><strong>ix.</strong></span> <span class='ocrx_word' id='word_1_74' title='bbox 1433 2308 1594 2368; x_wconf 85' lang='lat' dir='ltr'><strong>Dixit</strong></span> <span class='ocrx_word' id='word_1_75' title='bbox 1635 2327 1874 2387; x_wconf 92' lang='lat' dir='ltr'><strong>quoque</strong></span> <span class='ocrx_word' id='word_1_76' title='bbox 1916 2307 2213 2368; x_wconf 87' lang='lat' dir='ltr'><strong>Dominus</strong></span> 
     </span>
     <span class='ocr_line' id='line_1_16' title="bbox 618 2423 1745 2503; baseline -0.001 -19"><span class='ocrx_word' id='word_1_77' title='bbox 618 2423 692 2484; x_wconf 92' lang='grc' dir='ltr'><strong>Ο.</strong></span> <span class='ocrx_word' id='word_1_78' title='bbox 735 2441 781 2482; x_wconf 91' lang='lat' dir='ltr'><strong>s.</strong></span> <span class='ocrx_word' id='word_1_79' title='bbox 826 2425 904 2483; x_wconf 88' lang='lat' dir='ltr'><strong>D.</strong></span> <span class='ocrx_word' id='word_1_80' title='bbox 945 2425 1046 2501; x_wconf 89' lang='lat' dir='ltr'><strong>qui</strong></span> <span class='ocrx_word' id='word_1_81' title='bbox 1089 2426 1150 2483; x_wconf 91' lang='lat' dir='ltr'><strong>in</strong></span> <span class='ocrx_word' id='word_1_82' title='bbox 1190 2427 1454 2485; x_wconf 85' lang='lat' dir='ltr'><strong>omnium</strong></span> <span class='ocrx_word' id='word_1_83' title='bbox 1497 2443 1745 2503; x_wconf 89' lang='lat' dir='ltr'><strong>operum</strong></span> 
     </span>
    </p>
   </div>
   <div class='ocr_carea' id='block_1_10' title="bbox 614 2565 1690 2742">
    <p class='ocr_par' dir='ltr' id='par_1_10' title="bbox 614 2565 1690 2742">
     <span class='ocr_line' id='line_1_17' title="bbox 1331 2565 1690 2626; baseline 0.003 -1"><span class='ocrx_word' id='word_1_84' title='bbox 1331 2565 1423 2625; x_wconf 87' lang='lat' dir='ltr'><strong>De</strong></span> <span class='ocrx_word' id='word_1_85' title='bbox 1449 2565 1594 2626; x_wconf 85' lang='lat' dir='ltr'><strong>Iona</strong></span> <span class='ocrx_word' id='word_1_86' title='bbox 1620 2585 1690 2626; x_wconf 87' lang='lat' dir='ltr'><strong>x.</strong></span> 
     </span>
     <span class='ocr_line' id='line_1_18' title="bbox 614 2662 1259 2742; baseline 0.002 -19"><span class='ocrx_word' id='word_1_87' title='bbox 614 2662 687 2724; x_wconf 90' lang='lat' dir='ltr'><strong>D.</strong></span> <span class='ocrx_word' id='word_1_88' title='bbox 731 2664 834 2742; x_wconf 88' lang='lat' dir='ltr'><strong>qui</strong></span> <span class='ocrx_word' id='word_1_89' title='bbox 873 2665 1259 2726; x_wconf 80' lang='lat' dir='ltr'><strong>diversitatem</strong></span> 
     </span>
    </p>
   </div>
   <div class='ocr_carea' id='block_1_11' title="bbox 614 2814 2019 2992">
    <p class='ocr_par' dir='ltr' id='par_1_11' title="bbox 614 2814 2019 2992">
     <span class='ocr_line' id='line_1_19' title="bbox 937 2814 2019 2878; baseline -0.001 -3"><span class='ocrx_word' id='word_1_90' title='bbox 937 2814 1014 2875; x_wconf 83' lang='lat' dir='ltr'><strong>In</strong></span> <span class='ocrx_word' id='word_1_91' title='bbox 1043 2815 1211 2876; x_wconf 80' lang='lat' dir='ltr'><strong>Deul.</strong></span> <span class='ocrx_word' id='word_1_92' title='bbox 1239 2819 1322 2878; x_wconf 78' lang='lat' dir='ltr'><strong>xi</strong></span> <span class='ocrx_word' id='word_1_93' title='bbox 1339 2836 1462 2876; x_wconf 87' lang='lat' dir='ltr'><strong>cum</strong></span> <span class='ocrx_word' id='word_1_94' title='bbox 1492 2823 1637 2876; x_wconf 85' lang='lat' dir='ltr'><strong>cant.</strong></span> <span class='ocrx_word' id='word_1_95' title='bbox 1721 2815 2019 2875; x_wconf 87' lang='lat' dir='ltr'><strong>Attendite</strong></span> 
     </span>
     <span class='ocr_line' id='line_1_20' title="bbox 614 2930 1773 2992; baseline 0.002 -4"><span class='ocrx_word' id='word_1_96' title='bbox 614 2930 692 2990; x_wconf 94' lang='lat' dir='ltr'><strong>D.</strong></span> <span class='ocrx_word' id='word_1_97' title='bbox 736 2931 1016 2992; x_wconf 87' lang='lat' dir='ltr'><strong>celsitudo</strong></span> <span class='ocrx_word' id='word_1_98' title='bbox 1053 2931 1356 2991; x_wconf 88' lang='lat' dir='ltr'><strong>humilium</strong></span> <span class='ocrx_word' id='word_1_99' title='bbox 1399 2945 1456 2992; x_wconf 90' lang='lat' dir='ltr'><strong>et</strong></span> <span class='ocrx_word' id='word_1_100' title='bbox 1497 2932 1773 2992; x_wconf 89' lang='lat' dir='ltr'><strong>fortitudo</strong></span> 
     </span>
    </p>
   </div>
   <div class='ocr_carea' id='block_1_12' title="bbox 969 3087 2019 3150">
    <p class='ocr_par' dir='ltr' id='par_1_12' title="bbox 969 3087 2019 3150">
     <span class='ocr_line' id='line_1_21' title="bbox 969 3087 2019 3150; baseline 0.003 -5"><span class='ocrx_word' id='word_1_101' title='bbox 969 3087 1046 3146; x_wconf 83' lang='lat' dir='ltr'><strong>In</strong></span> <span class='ocrx_word' id='word_1_102' title='bbox 1073 3088 1292 3147; x_wconf 71' lang='lat' dir='ltr'><strong>Danzlel</strong></span> <span class='ocrx_word' id='word_1_103' title='bbox 1312 3091 1426 3148; x_wconf 76' lang='lat' dir='ltr'><strong>xii.</strong></span> <span class='ocrx_word' id='word_1_104' title='bbox 1509 3087 2019 3150; x_wconf 88' lang='lat' dir='ltr'><strong>Nabucodonosor</strong></span> 
     </span>
    </p>
   </div>
   <div class='ocr_carea' id='block_1_13' title="bbox 617 3200 2527 3480">
    <p class='ocr_par' dir='ltr' id='par_1_13' title="bbox 617 3200 2527 3480">
     <span class='ocr_line' id='line_1_22' title="bbox 620 3200 1295 3280; baseline 0.003 -20"><span class='ocrx_word' id='word_1_105' title='bbox 620 3200 696 3261; x_wconf 89' lang='lat' dir='ltr'><strong>O.</strong></span> <span class='ocrx_word' id='word_1_106' title='bbox 739 3219 783 3260; x_wconf 84' lang='lat' dir='ltr'><strong>S.</strong></span> <span class='ocrx_word' id='word_1_107' title='bbox 825 3201 903 3261; x_wconf 92' lang='lat' dir='ltr'><strong>D.</strong></span> <span class='ocrx_word' id='word_1_108' title='bbox 947 3220 1080 3280; x_wconf 88' lang='lat' dir='ltr'><strong>spes</strong></span> <span class='ocrx_word' id='word_1_109' title='bbox 1121 3204 1295 3262; x_wconf 89' lang='lat' dir='ltr'><strong>unica</strong></span> 
     </span>
     <span class='ocr_line' id='line_1_23' title="bbox 617 3297 2084 3380; baseline 0.002 -23"><span class='ocrx_word' id='word_1_110' title='bbox 617 3297 787 3378; x_wconf 86' lang='lat' dir='ltr'><strong>(Post</strong></span> <span class='ocrx_word' id='word_1_111' title='bbox 808 3300 914 3359; x_wconf 90' lang='lat' dir='ltr'><strong>Ps.</strong></span> <span class='ocrx_word' id='word_1_112' title='bbox 941 3301 1068 3379; x_wconf 78' lang='lat' dir='ltr'><strong>xli)</strong></span> <span class='ocrx_word' id='word_1_113' title='bbox 1110 3300 1184 3360; x_wconf 93' lang='grc' dir='ltr'><strong>Ο.</strong></span> <span class='ocrx_word' id='word_1_114' title='bbox 1227 3319 1273 3360; x_wconf 91' lang='lat' dir='ltr'><strong>s.</strong></span> <span class='ocrx_word' id='word_1_115' title='bbox 1316 3300 1392 3360; x_wconf 92' lang='lat' dir='ltr'><strong>D.</strong></span> <span class='ocrx_word' id='word_1_116' title='bbox 1436 3302 1658 3378; x_wconf 88' lang='lat' dir='ltr'><strong>respice</strong></span> <span class='ocrx_word' id='word_1_117' title='bbox 1702 3302 1986 3380; x_wconf 88' lang='lat' dir='ltr'><strong>propitius</strong></span> <span class='ocrx_word' id='word_1_118' title='bbox 2076 3325 2084 3334; x_wconf 93' lang='lat'><em>·</em></span> 
     </span>
     <span class='ocr_line' id='line_1_24' title="bbox 1346 3397 2527 3480; baseline 0.002 -23"><span class='ocrx_word' id='word_1_119' title='bbox 1346 3397 1490 3458; x_wconf 85' lang='lat' dir='ltr'><strong>Inde</strong></span> <span class='ocrx_word' id='word_1_120' title='bbox 1515 3401 1790 3459; x_wconf 79' lang='lat' dir='ltr'><strong>descendis</strong></span> <span class='ocrx_word' id='word_1_121' title='bbox 1817 3420 1941 3459; x_wconf 87' lang='lat' dir='ltr'><strong>cum</strong></span> <span class='ocrx_word' id='word_1_122' title='bbox 1966 3401 2205 3461; x_wconf 80' lang='lat' dir='ltr'><strong>Litam&#39;a</strong></span> <span class='ocrx_word' id='word_1_123' title='bbox 2232 3401 2527 3480; x_wconf 80' lang='lat' dir='ltr'><strong>adfonles.</strong></span> 
     </span>
    </p>
   </div>
   <div class='ocr_carea' id='block_1_14' title="bbox 535 3559 2814 3649">
    <p class='ocr_par' dir='ltr' id='par_1_14' title="bbox 535 3559 2814 3649">
     <span class='ocr_line' id='line_1_25' title="bbox 535 3559 2814 3649; baseline 0.004 -27"><span class='ocrx_word' id='word_1_124' title='bbox 535 3561 831 3624; x_wconf 79' lang='lat' dir='ltr'><strong>Orationes</strong></span> <span class='ocrx_word' id='word_1_125' title='bbox 855 3567 938 3624; x_wconf 85' lang='lat' dir='ltr'><strong>ad</strong></span> <span class='ocrx_word' id='word_1_126' title='bbox 963 3565 1218 3625; x_wconf 65' lang='lat' dir='ltr'><strong>Aleis-sam</strong></span> <span class='ocrx_word' id='word_1_127' title='bbox 1246 3568 1308 3624; x_wconf 80' lang='lat' dir='ltr'><strong>in</strong></span> <span class='ocrx_word' id='word_1_128' title='bbox 1335 3571 1484 3625; x_wconf 84' lang='lat' dir='ltr'><strong>nocte</strong></span> <span class='ocrx_word' id='word_1_129' title='bbox 1507 3572 1705 3626; x_wconf 84' lang='lat' dir='ltr'><strong>sancta</strong></span> <span class='ocrx_word' id='word_1_130' title='bbox 1734 3559 1977 3649; x_wconf 82' lang='lat' dir='ltr'><strong>[Statio]</strong></span> <span class='ocrx_word' id='word_1_131' title='bbox 2007 3570 2090 3626; x_wconf 85' lang='lat' dir='ltr'><strong>ad</strong></span> <span class='ocrx_word' id='word_1_132' title='bbox 2110 3568 2205 3627; x_wconf 86' lang='lat' dir='ltr'><strong>La</strong></span> <span class='ocrx_word' id='word_1_133' title='bbox 2237 3573 2381 3644; x_wconf 70' lang='lat' dir='ltr'><strong>(terti</strong></span> <span class='ocrx_word' id='word_1_134' title='bbox 2410 3567 2529 3644; x_wconf 92' lang='lat' dir='ltr'><strong>R.).</strong></span> <span class='ocrx_word' id='word_1_135' title='bbox 2662 3581 2814 3632; x_wconf 86' lang='lat' dir='ltr'><strong>Gerb.</strong></span> 
     </span>
    </p>
   </div>
   <div class='ocr_carea' id='block_1_15' title="bbox 579 3649 2961 4845">
    <p class='ocr_par' dir='ltr' id='par_1_15' title="bbox 618 3649 2961 3859">
     <span class='ocr_line' id='line_1_26' title="bbox 627 3649 2961 3760; baseline 0.002 -21"><span class='ocrx_word' id='word_1_136' title='bbox 627 3678 703 3740; x_wconf 92' lang='lat' dir='ltr'><strong>D.</strong></span> <span class='ocrx_word' id='word_1_137' title='bbox 749 3682 848 3760; x_wconf 92' lang='lat' dir='ltr'><strong>qui</strong></span> <span class='ocrx_word' id='word_1_138' title='bbox 887 3682 1040 3742; x_wconf 87' lang='lat' dir='ltr'><strong>hanc</strong></span> <span class='ocrx_word' id='word_1_139' title='bbox 1083 3682 1531 3742; x_wconf 83' lang='lat' dir='ltr'><strong>sacratissimam</strong></span> <span class='ocrx_word' id='word_1_140' title='bbox 1571 3693 1811 3744; x_wconf 86' lang='lat' dir='ltr'><strong>noctem</strong></span> <span class='ocrx_word' id='word_1_141' title='bbox 1850 3683 2038 3760; x_wconf 80' lang='lat' dir='ltr'><strong>gloria</strong></span> <span class='ocrx_word' id='word_1_142' title='bbox 2660 3663 2749 3713; x_wconf 68' lang='lat'><strong>¹²⁹·</strong></span> <span class='ocrx_word' id='word_1_143' title='bbox 2776 3649 2961 3713; x_wconf 86' lang='lat'><strong>89-90.</strong></span> 
     </span>
     <span class='ocr_line' id='line_1_27' title="bbox 618 3779 1617 3859; baseline -0.001 -17"><span class='ocrx_word' id='word_1_144' title='bbox 618 3782 696 3842; x_wconf 93' lang='lat' dir='ltr'><strong>D.</strong></span> <span class='ocrx_word' id='word_1_145' title='bbox 738 3781 840 3859; x_wconf 91' lang='lat' dir='ltr'><strong>qui</strong></span> <span class='ocrx_word' id='word_1_146' title='bbox 879 3799 986 3859; x_wconf 87' lang='lat' dir='ltr'><strong>per</strong></span> <span class='ocrx_word' id='word_1_147' title='bbox 1027 3779 1410 3858; x_wconf 86' lang='lat' dir='ltr'><strong>Unigenitum</strong></span> <span class='ocrx_word' id='word_1_148' title='bbox 1453 3792 1617 3842; x_wconf 90' lang='lat' dir='ltr'><strong>tuum</strong></span> 
     </span>
    </p>

    <p class='ocr_par' dir='ltr' id='par_1_16' title="bbox 619 3872 1660 3953">
     <span class='ocr_line' id='line_1_28' title="bbox 619 3872 1660 3953; baseline 0.002 -19"><span class='ocrx_word' id='word_1_149' title='bbox 619 3875 863 3952; x_wconf 88' lang='lat' dir='ltr'><strong>Suscipe</strong></span> <span class='ocrx_word' id='word_1_150' title='bbox 904 3894 962 3953; x_wconf 91' lang='lat' dir='ltr'><strong>q.</strong></span> <span class='ocrx_word' id='word_1_151' title='bbox 1009 3872 1164 3935; x_wconf 89' lang='lat' dir='ltr'><strong>Dne.</strong></span> <span class='ocrx_word' id='word_1_152' title='bbox 1203 3885 1264 3935; x_wconf 91' lang='lat' dir='ltr'><strong>et</strong></span> <span class='ocrx_word' id='word_1_153' title='bbox 1304 3875 1487 3953; x_wconf 89' lang='lat' dir='ltr'><strong>plebis</strong></span> <span class='ocrx_word' id='word_1_154' title='bbox 1527 3886 1660 3936; x_wconf 89' lang='lat' dir='ltr'><strong>tuae</strong></span> 
     </span>
    </p>

    <p class='ocr_par' dir='ltr' id='par_1_17' title="bbox 579 3973 1855 4053">
     <span class='ocr_line' id='line_1_29' title="bbox 579 3973 1855 4053; baseline 0.002 -21"><span class='ocrx_word' id='word_1_155' title='bbox 579 3974 750 4033; x_wconf 59' lang='grc' dir='ltr'><strong>ΛΠ).</strong></span> <span class='ocrx_word' id='word_1_156' title='bbox 793 3973 980 4034; x_wconf 87' lang='lat' dir='ltr'><strong>Adest</strong></span> <span class='ocrx_word' id='word_1_157' title='bbox 1019 3974 1176 4034; x_wconf 86' lang='lat' dir='ltr'><strong>enim</strong></span> <span class='ocrx_word' id='word_1_158' title='bbox 1217 3976 1387 4035; x_wconf 89' lang='lat' dir='ltr'><strong>nobis</strong></span> <span class='ocrx_word' id='word_1_159' title='bbox 1427 3974 1855 4053; x_wconf 88' lang='lat' dir='ltr'><strong>optatissimum</strong></span> 
     </span>
    </p>

    <p class='ocr_par' dir='ltr' id='par_1_18' title="bbox 617 4070 2135 4234">
     <span class='ocr_line' id='line_1_30' title="bbox 617 4070 2135 4156; baseline 0.002 -25"><span class='ocrx_word' id='word_1_160' title='bbox 617 4070 784 4156; x_wconf 92' lang='lat' dir='ltr'><strong>[VD.</strong></span> <span class='ocrx_word' id='word_1_161' title='bbox 829 4071 922 4132; x_wconf 93' lang='lat' dir='ltr'><strong>Te</strong></span> <span class='ocrx_word' id='word_1_162' title='bbox 963 4072 1202 4151; x_wconf 88' lang='lat' dir='ltr'><strong>quidem</strong></span> <span class='ocrx_word' id='word_1_163' title='bbox 1243 4075 1406 4134; x_wconf 89' lang='lat' dir='ltr'><strong>omni</strong></span> <span class='ocrx_word' id='word_1_164' title='bbox 1446 4083 1707 4152; x_wconf 88' lang='lat' dir='ltr'><strong>tempore</strong></span> <span class='ocrx_word' id='word_1_165' title='bbox 1748 4073 1853 4136; x_wconf 88' lang='lat' dir='ltr'><strong>sed</strong></span> <span class='ocrx_word' id='word_1_166' title='bbox 1894 4073 1956 4133; x_wconf 91' lang='lat' dir='ltr'><strong>in</strong></span> <span class='ocrx_word' id='word_1_167' title='bbox 1998 4070 2135 4156; x_wconf 85' lang='lat' dir='ltr'><strong>hac]</strong></span> 
     </span>
     <span class='ocr_line' id='line_1_31' title="bbox 619 4172 2010 4234; baseline -0.001 0"><span class='ocrx_word' id='word_1_168' title='bbox 619 4172 1142 4234; x_wconf 87' lang='lat' dir='ltr'><strong>Communicantes</strong></span> <span class='ocrx_word' id='word_1_169' title='bbox 1181 4181 1242 4231; x_wconf 92' lang='lat' dir='ltr'><strong>et</strong></span> <span class='ocrx_word' id='word_1_170' title='bbox 1281 4182 1518 4231; x_wconf 87' lang='lat' dir='ltr'><strong>noctem</strong></span> <span class='ocrx_word' id='word_1_171' title='bbox 1560 4173 2010 4233; x_wconf 83' lang='lat' dir='ltr'><strong>sacratissimam</strong></span> 
     </span>
    </p>

    <p class='ocr_par' dir='ltr' id='par_1_19' title="bbox 619 4270 2287 4545">
     <span class='ocr_line' id='line_1_32' title="bbox 619 4270 2009 4346; baseline 0.001 -16"><span class='ocrx_word' id='word_1_172' title='bbox 619 4271 796 4331; x_wconf 84' lang='lat' dir='ltr'><strong>Hanc</strong></span> <span class='ocrx_word' id='word_1_173' title='bbox 838 4270 1010 4346; x_wconf 83' lang='lat' dir='ltr'><strong>igitur</strong></span> <span class='ocrx_word' id='word_1_174' title='bbox 1047 4270 1406 4331; x_wconf 85' lang='lat' dir='ltr'><strong>oblationem</strong></span> <span class='ocrx_word' id='word_1_175' title='bbox 1447 4271 1730 4330; x_wconf 84' lang='lat' dir='ltr'><strong>servitutis</strong></span> <span class='ocrx_word' id='word_1_176' title='bbox 1772 4273 2009 4332; x_wconf 78' lang='lat' dir='ltr'><strong>nostrae</strong></span> 
     </span>
     <span class='ocr_line' id='line_1_33' title="bbox 621 4365 2287 4452; baseline 0.004 -27"><span class='ocrx_word' id='word_1_177' title='bbox 621 4365 1004 4451; x_wconf 69' lang='lat' dir='ltr'><strong>[a-Benedt‘ctzb</strong></span> <span class='ocrx_word' id='word_1_178' title='bbox 1029 4369 1209 4448; x_wconf 79' lang='lat' dir='ltr'><strong>Agm&#39;.</strong></span> <span class='ocrx_word' id='word_1_179' title='bbox 1294 4368 1370 4428; x_wconf 94' lang='lat' dir='ltr'><strong>D.</strong></span> <span class='ocrx_word' id='word_1_180' title='bbox 1415 4370 1711 4429; x_wconf 81' lang='lat' dir='ltr'><strong>universae</strong></span> <span class='ocrx_word' id='word_1_181' title='bbox 1752 4372 1944 4430; x_wconf 82' lang='lat' dir='ltr'><strong>carnis</strong></span> <span class='ocrx_word' id='word_1_182' title='bbox 1983 4371 2083 4447; x_wconf 88' lang='lat' dir='ltr'><strong>qui</strong></span> <span class='ocrx_word' id='word_1_183' title='bbox 2124 4369 2287 4452; x_wconf 90' lang='lat' dir='ltr'><strong>Noe]</strong></span> 
     </span>
     <span class='ocr_line' id='line_1_34' title="bbox 621 4466 1799 4545; baseline 0.002 -19"><span class='ocrx_word' id='word_1_184' title='bbox 621 4466 856 4528; x_wconf 85' lang='lat' dir='ltr'><strong>Praesta</strong></span> <span class='ocrx_word' id='word_1_185' title='bbox 897 4486 954 4545; x_wconf 91' lang='lat' dir='ltr'><strong>q.</strong></span> <span class='ocrx_word' id='word_1_186' title='bbox 996 4485 1051 4527; x_wconf 92' lang='lat' dir='ltr'><strong>o.</strong></span> <span class='ocrx_word' id='word_1_187' title='bbox 1095 4466 1172 4528; x_wconf 94' lang='lat' dir='ltr'><strong>D.</strong></span> <span class='ocrx_word' id='word_1_188' title='bbox 1213 4478 1278 4527; x_wconf 91' lang='lat' dir='ltr'><strong>ut</strong></span> <span class='ocrx_word' id='word_1_189' title='bbox 1318 4467 1516 4527; x_wconf 87' lang='lat' dir='ltr'><strong>divino</strong></span> <span class='ocrx_word' id='word_1_190' title='bbox 1556 4486 1799 4528; x_wconf 90' lang='lat' dir='ltr'><strong>munere</strong></span> 
     </span>
    </p>

    <p class='ocr_par' dir='ltr' id='par_1_20' title="bbox 621 4561 1970 4648">
     <span class='ocr_line' id='line_1_35' title="bbox 621 4561 1970 4648; baseline 0.004 -28"><span class='ocrx_word' id='word_1_191' title='bbox 621 4561 964 4647; x_wconf 53' lang='lat' dir='ltr'><strong>[tspiritum</strong></span> <span class='ocrx_word' id='word_1_192' title='bbox 1003 4565 1066 4624; x_wconf 90' lang='lat' dir='ltr'><strong>in</strong></span> <span class='ocrx_word' id='word_1_193' title='bbox 1109 4567 1282 4626; x_wconf 89' lang='lat' dir='ltr'><strong>nobis</strong></span> <span class='ocrx_word' id='word_1_194' title='bbox 1323 4564 1474 4626; x_wconf 91' lang='lat' dir='ltr'><strong>Dne.</strong></span> <span class='ocrx_word' id='word_1_195' title='bbox 1516 4575 1649 4626; x_wconf 83' lang='lat' dir='ltr'><strong>tuae</strong></span> <span class='ocrx_word' id='word_1_196' title='bbox 1691 4561 1970 4648; x_wconf 80' lang='lat' dir='ltr'><strong>caritatis]</strong></span> 
     </span>
    </p>

    <p class='ocr_par' dir='ltr' id='par_1_21' title="bbox 621 4663 1380 4740">
     <span class='ocr_line' id='line_1_36' title="bbox 621 4663 1380 4740; baseline 0 -18"><span class='ocrx_word' id='word_1_197' title='bbox 621 4663 818 4740; x_wconf 88' lang='lat' dir='ltr'><strong>Digne</strong></span> <span class='ocrx_word' id='word_1_198' title='bbox 859 4683 970 4724; x_wconf 90' lang='lat' dir='ltr'><strong>nos</strong></span> <span class='ocrx_word' id='word_1_199' title='bbox 1009 4672 1113 4723; x_wconf 90' lang='lat' dir='ltr'><strong>tuo</strong></span> <span class='ocrx_word' id='word_1_200' title='bbox 1155 4665 1380 4723; x_wconf 90' lang='lat' dir='ltr'><strong>nomini</strong></span> 
     </span>
    </p>

    <p class='ocr_par' dir='ltr' id='par_1_22' title="bbox 622 4747 2257 4845">
     <span class='ocr_line' id='line_1_37' title="bbox 622 4747 2257 4845; baseline 0.004 -28"><span class='ocrx_word' id='word_1_201' title='bbox 622 4757 924 4842; x_wconf 56' lang='lat' dir='ltr'><strong>[aeMentes</strong></span> <span class='ocrx_word' id='word_1_202' title='bbox 965 4772 1191 4824; x_wconf 89' lang='lat' dir='ltr'><strong>nostras</strong></span> <span class='ocrx_word' id='word_1_203' title='bbox 1233 4780 1290 4838; x_wconf 94' lang='lat' dir='ltr'><strong>q.</strong></span> <span class='ocrx_word' id='word_1_204' title='bbox 1335 4762 1485 4822; x_wconf 91' lang='lat' dir='ltr'><strong>Dne.</strong></span> <span class='ocrx_word' id='word_1_205' title='bbox 1528 4763 1747 4824; x_wconf 88' lang='lat' dir='ltr'><strong>lumine</strong></span> <span class='ocrx_word' id='word_1_206' title='bbox 1788 4773 1927 4824; x_wconf 82' lang='lat' dir='ltr'><strong>tuae</strong></span> <span class='ocrx_word' id='word_1_207' title='bbox 1962 4747 2257 4845; x_wconf 79' lang='lat' dir='ltr'><strong>claritatis]</strong></span> 
     </span>
    </p>
   </div>
  </div>
 </body>
</html>
