3342 5392
707 339 834 410 370

703 497 922 558 Bened.
951 497 1188 556 arboriS.
1230 539 1244 554 .

1575 331 2030 388 APPENDIX.

703 594 921 656 Bened.
948 596 1024 656 ad
1049 595 1248 656 omnia
1274 613 1390 674 que
1415 594 1680 656 volueris.
1780 639 1795 654 .

703 693 924 754 Bened.
953 693 1140 772 panis·
1235 737 1258 754 .

703 791 1051 852 Benedictio
1076 791 1214 850 vini.
1233 835 1250 850 .

703 889 920 950 Bened.
949 890 1102 949 salis.
1233 933 1248 948 .

701 988 854 1047 Item
880 988 950 1048 al.
981 989 1056 1046 ad
1085 987 1220 1048 salis
1247 985 1392 1047 Ben.
1411 933 1428 950 ⁵

701 1085 864 1148 Orat.
892 1086 951 1145 in
981 1086 1161 1146 domo
1191 1085 1566 1145 infirmorum.
1597 1129 1612 1143 .

701 1183 907 1244 Oratio
937 1202 1109 1262 super
1137 1183 1368 1244 infirmo
1395 1183 1456 1242 in
1484 1182 1683 1244 dom0.
1770 1227 1784 1242 .

700 1280 861 1342 Orat.
893 1283 968 1342 ad
1001 1281 1186 1340 Missa
1213 1301 1319 1358 pro
1349 1281 1602 1342 infirmo·

698 1477 862 1538 Orat.
892 1496 1002 1556 pro
1029 1477 1250 1538 reddita
1277 1478 1541 1537 sanitate.
1586 1522 1601 1536 .

699 1575 887 1636 Missa
915 1595 1021 1654 pro
1047 1575 1230 1636 salute
1258 1574 1536 1635 vivorum.
1586 1619 1604 1636 .

700 1770 840 1834 Mis,
869 1771 1064 1830 votiva
1091 1789 1201 1849 pro
1228 1771 1552 1832 remedium
1580 1771 1827 1830 animae.
1954 1813 1972 1830 .

863 1963 912 2048 [?
931 1977 989 2027 et
1021 1963 1250 2049 contra]
1280 1967 1506 2044 flagella
1534 1967 1815 2044 corporiS.
1942 2007 1967 2027 .

857 2164 985 2224 mis.
1015 2175 1248 2224 cantare
1277 2173 1502 2242 rogant.
1585 2207 1604 2224 .

698 2261 849 2322 Item
875 2261 988 2321 alia
1013 2263 1190 2322 missa
1215 2263 1420 2323 votiva.

697 2358 886 2419 Missa
912 2361 1103 2420 votiva
1128 2378 1262 2420 cum
1289 2360 1584 2420 lectiones.

697 2459 850 2517 Item
877 2457 991 2516 alia
1017 2459 1196 2517 missa
1222 2477 1333 2536 pro
1359 2459 1586 2518 devoto,

695 2555 832 2616 Mis.
865 2557 1055 2616 votiva
1089 2600 1104 2615 .
1227 2601 1246 2619 .

857 2751 1116 2810 vivorum
1158 2752 1276 2811 sive
1317 2752 1544 2828 agenda
1586 2762 1953 2812 mortuorum
2000 2751 2135 2812 fide-

857 2848 1000 2908 lium
1026 2850 1086 2907 in
1115 2848 1364 2910 Christo.
1409 2893 1422 2908 .

693 2945 904 3008 Oratio
930 2965 1039 3025 pro
1063 2949 1430 3010 infirmo..

696 3045 845 3104 Item
873 3045 1064 3105 alia..

696 3143 1122 3205 Reconciliatio
1149 3151 1307 3222 pent.
1335 3143 1413 3204 ad
1440 3153 1779 3204 mortem..

695 3242 842 3302 Alia.

694 3339 862 3402 Ordo
889 3340 964 3400 ad
991 3340 1564 3402 commendationem
1593 3341 1802 3400 anime.

693 3535 882 3596 Missa
910 3555 1017 3614 pro
1045 3536 1320 3598 defuncto
1349 3538 1668 3599 sacerdote.
1770 3581 1787 3598 .

694 3635 848 3693 Item
877 3635 949 3694 al.
977 3635 1106 3694 mis.
1134 3653 1241 3713 pro
1270 3653 1385 3696 sac.
1415 3636 1526 3714 epi.
1587 3680 1602 3696 .

695 3733 844 3794 Item
876 3734 986 3792 alia
1013 3734 1139 3793 mis.
1168 3752 1277 3810 pro
1307 3734 1606 3794 sacerdote
1637 3735 1755 3795 sive
1783 3734 1975 3793 abb..

697 3830 856 3892 Orat.
886 3831 962 3892 ad
1003 3831 1137 3890 Mis.
1165 3832 1226 3890 in
1270 3831 1426 3892 Natl.
1458 3832 1719 3893 Scorum.
1753 3834 1875 3893 siue
1915 3831 2145 3910 agenda

2126 3975 2145 3992 .
2227 3930 2435 4008 (Gerb.
2463 3951 2520 4010 p.
2552 3930 2719 4012 319.)

2132 4074 2147 4092 .
2231 4028 2435 4109 (Gerb.
2457 4049 2557 4108 pp.
2587 4048 2725 4107 319,
2750 4031 2877 4111 20.)

855 3941 1236 3991 mortuorum.

695 4025 882 4087 Missa
910 4047 1015 4104 pro
1043 4027 1318 4089 defuncto
1349 4048 1535 4108 nuper
1564 4030 1871 4108 baptizato.
1956 4073 1971 4090 .

695 4124 884 4186 Missa
926 4144 1103 4205 quam
1146 4127 1419 4187 sacerdos
1459 4147 1566 4206 pro
1607 4129 1925 4205 semetipso
1962 4128 2137 4188 debet

2124 4272 2139 4286 .
2224 4225 2428 4306 (Gerb.
2458 4245 2556 4305 pp.
2590 4246 2722 4302 291,
2750 4225 2833 4306 2.)

2122 4367 2137 4384 .
2222 4322 2428 4406 (Gerb.
2456 4343 2557 4404 pp.
2590 4345 2724 4402 292,
2750 4323 2837 4408 3.)

855 4243 1084 4285 canere.

691 4323 842 4383 Item
870 4323 985 4383 alia
1013 4322 1148 4383 Mis.
1178 4342 1286 4401 pro
1316 4324 1648 4402 semetipso.
1763 4368 1777 4382 .

691 4419 852 4482 Orat.
922 4439 1031 4498 pro
1101 4421 1384 4482 defunctis
1451 4421 1909 4482 desiderantibus
1938 4367 1957 4383 ι
1971 4422 2135 4501 peni-

851 4530 1070 4580 tentem
1117 4517 1249 4601 (sic)
1297 4532 1356 4580 et
1410 4521 1646 4581 minime
1704 4531 2141 4582 consecrantem

2126 4663 2139 4677 .
2224 4615 2425 4696 (Gerb.
2460 4637 2515 4696 p.
2546 4615 2711 4699 3²0·)

851 4616 1000 4699 (εἰς).

2132 537 2147 554 .
2229 493 2435 575 (Gerb.
2464 514 2523 573 p.
2554 494 2731 575 308.)

2426 639 2461 667 2,

2128 1028 2149 1048 .
2234 983 2443 1063 (Gerb.
2472 1005 2529 1063 p.
2560 982 2729 1063 309.)

2138 1127 2157 1142 .
2238 1082 2447 1162 (Gerb.
2474 1103 2573 1162 pp.
2608 1103 2749 1159 309,
2785 1081 2909 1162 10.)

2132 1226 2149 1242 .
2232 1181 2440 1260 (Gerb.
2472 1201 2529 1260 p.
2565 1179 2733 1263 310.)

2128 1323 2147 1340 .
2230 1279 2437 1363 (Gerb.
2468 1301 2523 1358 p.
2554 1300 2691 1356 311,

2348 1377 2583 1438 Roman
2610 1378 2795 1458 type.)

2130 1519 2145 1535 .
2228 1475 2434 1556 (Gerb.
2468 1495 2525 1554 p.
2560 1474 2727 1555 31²·)

2136 1617 2155 1634 .
2236 1572 2444 1654 (Gerb.
2473 1594 2570 1653 pp.
2604 1577 2737 1650 269,
2764 1589 2862 1650 70,

2350 1671 2583 1732 Roman
2611 1673 2791 1751 type.)

2134 1813 2153 1830 .
2234 1767 2441 1852 (Gerb.
2468 1789 2565 1849 pp.
2598 1773 2733 1842 286,
2762 1770 2850 1851 7.)

699 1867 839 1930 Mis.
885 1887 996 1947 pro
1039 1869 1440 1929 tribulantibus
1481 1867 1554 1928 de
1595 1868 1937 1948 quavislibet
1978 1877 2145 1928 extra

2129 2009 2148 2028 ·
2228 1965 2436 2046 (θεώ.
2464 1985 2563 2046 pp·
2596 1980 2730 2044 2⁷3,
2754 1967 2837 2045 4-)

699 2064 887 2125 Missa
911 2067 1102 2125 votiva
1129 2084 1237 2143 pro
1271 2084 1376 2126 eos
1402 2065 1504 2144 qui
1532 2066 1640 2125 sibi
1669 2067 1729 2125 in
1764 2083 2005 2143 corpore
2032 2065 2143 2124 vivi

2127 2207 2146 2223 .
2226 2161 2431 2241 (Gerb.
2461 2184 2519 2241 p.
2551 2163 2711 2244 282.)

2134 2305 2149 2319 .
2234 2259 2441 2337 (Gerb.
2470 2281 2569 2340 pp.
2602 2265 2735 2334 282,
2760 2262 2848 2342 3.)

2134 2404 2151 2420 .
2233 2358 2440 2439 (Gerb.
2468 2378 2566 2438 pp.
2597 2363 2731 2437 283,
2756 2363 2845 2436 4.)

2138 2502 2153 2516 .
2236 2455 2443 2536 (Gerb.
2472 2477 2567 2536 pp.
2604 2461 2739 2534 285,
2764 2459 2852 2540 6.)

2137 2600 2152 2616 .
2238 2555 2441 2638 (Gerb.
2462 2576 2560 2635 pp.
2593 2573 2727 2634 279,
2752 2558 2881 2639 80.)

699 2651 837 2713 Mis.
883 2653 942 2712 in
987 2653 1144 2712 Natl.
1190 2663 1525 2714 sanctorum
1571 2653 1661 2713 vel
1705 2672 1814 2730 pro
1858 2655 2142 2715 memoria

2224 2849 2431 2930 (Gerb.
2460 2870 2562 2929 pp.
2595 2853 2729 2925 266,
2760 2851 2845 2932 7.)

2134 2995 2153 3010 .
2235 2947 2438 3030 (Gerb.
2470 2968 2526 3028 p.
2558 2949 2721 3030 312.)

2129 3288 2146 3400 ἰ
2226 3339 2437 3421 (Gerb.
2466 3289 2567 3421 gp.
2598 3361 2735 3418 312,
2762 3341 2851 3420 3.)
2890 3425 2896 3428 ῃ

696 3437 857 3498 Orat.
888 3456 1063 3515 super
1089 3439 1376 3499 defunctis
1403 3439 1492 3499 vel
1520 3439 1913 3500 commendat.
1941 3439 2155 3499 anime.

2128 3579 2145 3598 .
2227 3536 2431 3617 (Gerb.
2461 3557 2560 3617 pp.
2591 3556 2726 3615 315,
2755 3539 2841 3619 7.)

2124 3680 2143 3696 .
2225 3633 2428 3714 (Gerb.
2456 3656 2512 3715 p.
2546 3633 2709 3717 317.)

2232 3439 2439 3518 (Gerb.
2466 3459 2564 3518 pp.
2594 3459 2728 3516 313,
2755 3441 2843 3518 5.)

2232 3734 2438 3816 (Gerb.
2465 3755 2564 3814 pp.
2600 3739 2735 3813 318,
2762 3733 2849 3814 9.)
