3342 5392
391 652 572 746 [ceth.

389 745 530 860 ἰῖἓι]
555 809 650 860 106

389 876 532 926 Pam.
557 886 670 939 572.

389 941 544 992 Iaeou.
570 955 684 1004 3²²·

758 444 785 488 1
799 427 880 490 26
1315 434 1572 490 LIBER
1611 434 2389 492 SACRAMENTORUM
2664 435 2734 502 [1.
2754 434 2954 484 lxxxiii.

839 597 1000 662 VD.
1080 598 1238 664 Post
1298 596 1446 664 illos
1505 597 1683 663 enim
1741 598 2036 664 laetitiae
2091 597 2235 664 dies
2282 619 2453 682 quos
2512 598 2581 662 in
2624 596 2953 664 honore1⁰

754 701 1031 767 Domini
1089 722 1132 766 a
1196 703 1473 767 mortuis
1533 704 1947 786 resurgentis,
1989 711 2071 768 ·et
2128 703 2199 767 in
2258 702 2477 768 caelos
2533 703 2954 768 ascendentis

751 807 1121 889 exegimus,
1179 815 1464 891 postque
1483 804 1537 844 11
1595 817 1987 890 perceptum
2059 807 2266 872 sancti
2329 804 2613 890 Spiritus
2678 807 2955 885 donum,

753 910 1122 976 necessaria
1179 911 1428 976 etenim
1451 907 1506 948 ¹²
1556 909 1750 976 nobis
1770 908 1823 950 ¹⁸
1875 909 2117 976 ieiunia
2173 919 2407 975 sancta
2465 909 2729 993 provisa
2779 919 2955 988 sunt,

753 1023 830 1078 ut
907 1034 1072 1097 pura
1144 1014 1647 1080 conversatione
1719 1015 2095 1080 viventibus
2150 1035 2327 1098 quae
2408 1013 2725 1080 divinitus
2795 1022 2955 1079 sunt

753 1117 1068 1182 ecclesiae
1111 1118 1354 1184 collata
1409 1129 1843 1203 permaneant
1860 1115 1935 1184 ¹⁴.
2026 1120 2152 1183 Per
2192 1117 2533 1185 Christum
2582 1117 2953 1184 Dominum

753 1230 1070 1286 nostrum.
1100 1248 1143 1305 y

1609 1317 2111 1376 Poetoommun.
2982 1309 3109 1367 604

844 1434 1034 1519 Quos
1087 1437 1332 1503 ieiunia
1375 1437 1604 1504 votiva
1647 1439 1981 1523 castigant
2014 1449 2149 1518 tua,
2190 1437 2501 1517 Domine,
2542 1446 2955 1504 sacramenta

752 1539 1088 1606 vivificent
1106 1537 1178 1621 ¹⁶,
1209 1549 1283 1605 ut
1313 1543 1590 1608 terrenis
1618 1541 1969 1608 affectibus
2005 1541 2324 1628 mitigatis
2352 1541 2611 1608 facilius
2644 1541 2957 1608 caelestia

753 1643 1116 1726 capiamus.
1205 1644 1348 1708 Per.

1591 1741 1705 1798 Ad
1746 1741 2103 1811 Populum.

842 1859 1108 1926 Gratias
1149 1861 1272 1926 tibi
1319 1860 1578 1941 referat,
1609 1863 1919 1941 Domine,
1949 1863 2151 1928 corde
2192 1861 2494 1928 subiecto
2534 1869 2651 1926 tua
2694 1881 2955 1945 semper

687 2039 702 2052 ‚
753 1963 1050 2044 ecclesia,
1121 1975 1190 2030 et
1264 1975 1747 2050 consequenter
1826 1967 2147 2046 obtineat,
2228 1975 2305 2031 ut
2327 1964 2381 2004 ²⁸
2458 1964 2953 2030 observationes

753 2069 1066 2152 antiquas
1093 2069 1334 2152 iugiter
1363 2071 1765 2136 recensendo
1786 2068 1838 2109 ¹⁶
1862 2069 2165 2154 proficiat
2194 2071 2263 2134 in
2294 2067 2607 2134 futurum.
2698 2068 2842 2133 Per.

1636 2319 1843 2384 Faria
1882 2327 2085 2384 sexta.

849 2455 949 2522 Ut
994 2457 1202 2532 nobis,
1237 2457 1550 2534 Domine,
1579 2467 1989 2522 terrenorum
2009 2455 2061 2497 ¹⁷
2090 2455 2353 2541 frugum
2400 2456 2654 2522 tribuas
2672 2455 2725 2495 ¹⁸
2760 2457 2954 2522 uber-

757 2568 989 2640 tatem,
1048 2561 1150 2626 fac
1219 2571 1478 2626 mentes
1542 2569 1803 2626 nostras
1874 2561 2143 2627 caelesti
2212 2559 2555 2627 fertilitate
2618 2559 2951 2628 fecundas.

617 2707 632 2721 ·
757 2664 898 2730 Per.

842 2785 992 2852 Fiat
1014 2785 1067 2824 ¹⁹
1125 2795 1242 2852 tua
1294 2787 1527 2869 gratia,
1574 2786 1885 2864 Domine,
1937 2787 2311 2852 fructuosus
2330 2785 2383 2824 ¹⁹
2432 2795 2699 2851 nostrae
2749 2785 2955 2850 devo-

755 2891 959 2955 tionis
988 2888 1284 2969 affectuS,
1306 2889 1461 2972 quia
1491 2899 1647 2954 tunc
1667 2887 1723 2928 ²⁰
1755 2891 1947 2956 nobis
1978 2891 2344 2975 proderunt
2374 2899 2683 2974 suscepta
2714 2888 2957 2952 ieiunia

616 3022 630 3036 ·
755 2995 812 3058 si
842 3004 998 3060 tuae
1027 2994 1161 3059 sint
1189 2993 1434 3078 placita
1455 2989 1506 3033 ²¹
1538 2995 1795 3079 pietati.
1886 2994 2013 3059 Per
2041 2995 2428 3059 Dominum.
2460 3019 2503 3076 γ

1709 3183 2001 3241 Secreta.

844 3302 1289 3386 Omnipotens
1328 3304 1732 3386 sempiterne
1777 3303 1979 3380 Deus,
2008 3301 2123 3385 qui
2153 3320 2285 3364 non
2314 3297 2776 3364 sacrificiorum
2808 3321 2955 3364 am·

757 3407 1012 3474 bitione
1070 3407 1370 3492 placariS,
1421 3407 1538 3471 sed
1599 3407 1825 3472 studio
1879 3406 2032 3490 piae
2078 3403 2457 3469 devotionis
2509 3403 2815 3482 intendiS,
2864 3404 2957 3468 da

621 3554 634 3566 -
755 3510 1045 3576 familiae
1105 3520 1262 3576 tuae
1319 3511 1622 3595 spiritum
1691 3519 1944 3574 rectum
2002 3518 2072 3574 et
2135 3508 2381 3572 habere
2439 3527 2555 3572 cor
2614 3506 2959 3586 mundum,

757 3625 831 3680 ut
877 3615 1043 3680 fides
1103 3636 1333 3680 eorum
1393 3614 1558 3679 haec
1598 3614 1779 3679 dona
1825 3612 1949 3678 tibi
1990 3611 2300 3678 conciliet
2342 3605 2473 3700 [et]
2522 3607 2575 3647 Β
2619 3611 2959 3676 humilitas

755 3719 984 3785 oblata
1001 3717 1056 3758 ²³
1090 3719 1538 3785 commendet.
1625 3718 1769 3782 Per.

1595 3907 2099 3964 Postcommun.

842 4030 1106 4108 Annue,
1138 4049 1555 4113 quaesumus,
1583 4029 2009 4113 omnipotens
2041 4027 2244 4105 Deus,
2274 4036 2350 4091 ut
2392 4034 2959 4092 sacramentorum

754 4144 1020 4200 tuorum
1063 4144 1253 4218 gesta
1299 4133 1680 4212 recolenteS,
1711 4142 1777 4196 et
1808 4130 2161 4215 temporali
2191 4131 2541 4197 securitate
2572 4131 2959 4210 relevemur,

617 4282 631 4296 ·
755 4248 824 4303 et
854 4239 1232 4304 erudiamur
1259 4237 1580 4323 legalibus
1610 4237 1949 4302 institutis.
2040 4235 2180 4300 Per.

1595 4426 1708 4482 Ad
1750 4425 2108 4496 Populum.

843 4552 902 4616 F
904 4551 1058 4617 ideli
1088 4549 1359 4634 populo,
1389 4548 1700 4628 Domine,
1732 4547 2244 4614 misericordiam
2281 4555 2467 4611 tuam
2498 4546 2795 4632 placatus
2824 4545 2954 4611 im·

755 4657 992 4740 pende,
1059 4666 1128 4721 et
1189 4652 1519 4738 praesidia
1577 4653 1868 4736 corporis
1928 4651 2199 4735 copiosa
2258 4651 2476 4717 tribue
2535 4649 2957 4735 supplicanti.

752 4761 895 4826 Per.
