3342 5392
183 1472 195 1489 .
285 1410 436 1490 Gerb.
464 1448 545 1506 74.

274 3355 427 3409 Gerb.
453 3366 531 3423 75.

655 430 736 493 70
1219 420 1474 475 LIBER
1515 418 2286 475 SACRAMENTORUM
2680 416 2747 481 [1.
2772 416 2841 465 xl.

649 594 718 649 et
767 594 886 649 tua
936 583 1186 667 pietate
1231 585 1576 659 concedas,
1625 592 1701 647 ut
1750 604 1867 667 per
1914 582 2123 648 multa
2166 582 2487 651 curricula
2525 602 2843 647 annorum

647 688 814 753 salvi
875 696 942 753 et
1003 687 1366 753 incolumes
1429 706 1701 752 munera
1759 708 1879 751 sua
1936 688 2057 751 tibi
2121 688 2415 752 Domino
2468 693 2846 751 mereantur

649 791 885 857 offerre
906 790 978 871 ¹¹,
1006 792 1281 876 diesque
1312 801 1586 857 nostros
1620 817 1661 874 γ

731 920 1100 986 Benedictio
1139 920 1278 986 olei.
1365 920 1490 985 Ad
1509 920 1821 1005 populum
1866 921 1937 984 in
1980 919 2087 984 his
2128 920 2359 997 verbis,
2390 919 2581 985 Istud
2622 917 2843 981 oleum

645 1026 732 1088 ad
787 1027 1132 1109 ungendos
1179 1024 1494 1089 infirmos.
1597 1024 1694 1089 Ut
1740 1034 1959 1088 autem
2010 1024 2265 1089 veneris
2310 1023 2527 1088 Nobis
2578 1042 2845 1105 quoque

645 1130 1099 1211 peccatoribus
1134 1129 1396 1195 famulis
1425 1129 1554 1193 tuis
1585 1151 1600 1207 ;
1641 1137 1709 1192 et
1733 1128 1985 1211 reliqua
2014 1149 2210 1211 usque
2237 1127 2332 1192 ad
2356 1127 2479 1192 Per
2502 1127 2842 1193 Christum

647 1232 1016 1297 Dominum
1046 1240 1366 1298 nostrum.
1453 1232 1524 1295 E
1530 1241 1560 1296 t
1585 1234 1803 1297 intras
1817 1230 1892 1297 ¹².

737 1362 1013 1441 Emitte,
1042 1381 1461 1447 quaesumus,
1502 1361 1811 1439 Domine,
1854 1359 2175 1443 Spiritum
2220 1372 2519 1425 sanctum
2546 1358 2603 1399 ¹³
2648 1360 2843 1424 Para-

646 1464 877 1530 clitum
921 1465 1008 1529 de
1051 1465 1246 1531 caelis
1297 1467 1366 1529 in
1418 1464 1543 1529 hac
1589 1464 1993 1549 pinguedine
2028 1464 2157 1528 olei
2176 1460 2231 1502 ¹⁴
2277 1484 2477 1549 quam
2521 1464 2606 1527 de
2648 1463 2841 1526 viridi

645 1567 828 1651 ligno
873 1570 1236 1653 producere
1265 1570 1576 1652 dignatus
1621 1589 1694 1631 es
1738 1568 1824 1631 ad
1857 1566 2280 1634 refectionem
2314 1567 2553 1631 mentis
2591 1576 2661 1631 et
2696 1586 2840 1631 cor-

642 1673 841 1755 poris.
889 1672 983 1737 Et
1011 1682 1131 1738 tua
1159 1681 1390 1737 sancta
1411 1671 1791 1736 benedictio
1816 1671 1901 1735 sit
1924 1670 2104 1735 omni
2136 1671 2425 1753 ungenti,
2448 1670 2744 1753 gustanti
2770 1667 2842 1748 ¹⁶,

641 1776 959 1858 tangenti,
1034 1784 1484 1843 tutamentum
1557 1774 1866 1859 corporis,
1931 1775 2193 1839 animae
2266 1782 2335 1837 et
2408 1774 2691 1856 spirituS,
2751 1773 2839 1837 ad

641 1880 1064 1944 evacuandos
1115 1898 1349 1943 omnes
1397 1877 1677 1957 doloreS,
1728 1897 1999 1942 omnem
2050 1876 2523 1951 infirmitatem,
2568 1896 2837 1940 omnem

639 1982 1120 2067 aegritudinem
1167 1982 1406 2047 mentis
1451 1992 1520 2047 et
1571 1982 1883 2066 corporiS,
1927 1982 2103 2046 unde
2148 1981 2401 2045 unxisti
2442 1979 2838 2055 sacerdoteS,

638 2106 845 2169 reges,
875 2095 944 2151 et
961 2084 1012 2123 ¹⁶
1042 2084 1422 2170 prophetas,
1451 2094 1520 2149 et
1552 2094 1891 2165 martyres,
1920 2084 2205 2149 chrisma
2234 2094 2425 2151 tuum
2454 2085 2835 2167 perfectum,

636 2212 680 2255 a
710 2200 801 2267 te,
836 2190 1145 2265 Domine,
1177 2190 1624 2261 benedictum,
1655 2210 2051 2274 permanens
2090 2190 2156 2253 in
2188 2189 2543 2255 visceribus
2578 2190 2836 2269 nostriS,

639 2294 707 2357 in
757 2292 1020 2358 nomine
1072 2292 1348 2357 Domini
1399 2294 1606 2359 nostri
1661 2292 1811 2356 Iesu
1867 2290 2132 2357 Christi.
2240 2292 2365 2356 Per
2421 2313 2623 2376 quem
2672 2292 2836 2359 haec

636 2397 880 2475 omnia,
914 2396 1224 2473 Domine,
1254 2416 1513 2480 semper
1544 2398 1725 2462 bona
1756 2416 1953 2461 creas.
2042 2396 2147 2461 Et
2168 2407 2423 2461 caetera
2440 2394 2505 2461 ¹⁷.
2537 2423 2579 2479 y

721 2524 794 2588 E
793 2526 1000 2609 xpleto
1049 2525 1226 2590 enim
1273 2545 1514 2589 canone
1557 2526 1723 2589 dicis
1741 2524 1794 2563 ¹⁸
1845 2525 2145 2590 OremuS.
2238 2524 2611 2607 Praeceptis
2659 2523 2833 2589 salu-

636 2628 890 2693 taribus
948 2628 1204 2694 moniti.
1321 2628 1638 2711 Sequitur
1684 2630 1895 2693 oratio
1953 2627 2321 2693 Dominica.
2433 2628 2537 2691 Et
2594 2628 2834 2693 iterum

635 2731 1042 2814 subsequitur
1097 2734 1236 2797 alia
1284 2734 1494 2797 oratio
1554 2732 1797 2797 Libera
1853 2752 1993 2809 nos,
2044 2751 2463 2814 quaesumus,
2524 2732 2833 2796 Domine.

634 2836 792 2918 Ipsa
818 2835 1064 2918 expleta
1091 2836 1475 2920 confrangis
1499 2844 1566 2898 et
1591 2836 1752 2917 tegis
1788 2834 1868 2899 de
1898 2834 2163 2899 sindone
2204 2834 2443 2901 altaris
2473 2856 2746 2901 munera
2772 2844 2839 2900 et

632 2939 924 3004 ascendis
973 2940 1069 3003 ad
1110 2940 1342 3005 sedem.
1452 2939 1679 3023 Ibique
1722 2940 1930 3004 oblato
1972 2960 2017 3003 a
2065 2938 2329 3003 diacono
2377 2938 2511 3004 alio
2566 2937 2695 3003 oleo
2745 2938 2841 3003 ad

633 3042 1121 3108 benedicendum
1163 3052 1230 3107 et
1265 3042 1431 3109 dicis
1476 3043 1810 3107 Dominus
1846 3042 2205 3108 vobiscum.
2314 3042 2508 3125 Resp.
2551 3043 2644 3107 Et
2679 3063 2830 3108 cum

635 3146 864 3230 spiritu
895 3156 1031 3211 tuo.
1119 3145 1382 3213 Dicis¹⁸
1414 3147 1721 3213 Oremus.
1810 3147 1919 3211 Et
1943 3148 2175 3211 intras.

723 3276 908 3341 Deus
962 3277 1514 3341 incrementorum
1569 3289 1637 3342 et
1686 3275 2102 3360 profectuum
2154 3274 2546 3360 spiritalium
2600 3296 2830 3343 mune-

632 3387 812 3445 rator
831 3379 906 3459 19,
929 3382 1042 3463 qui
1071 3380 1314 3444 virtute
1333 3380 1543 3444 sancti
1569 3378 1855 3463 Spiritus
1874 3380 1971 3444 tui
1996 3378 2472 3444 imbecillarum
2504 3382 2829 3446 mentium

633 3483 1008 3547 rudimenta
1058 3483 1427 3559 confirmaS,
1467 3493 1536 3549 te
1583 3504 1869 3563 oramuS,
1916 3484 2222 3559 Domine,
2276 3494 2351 3550 ut
2401 3486 2695 3549 venturis
2741 3485 2825 3550 ad

631 3587 870 3652 beatae
933 3588 1443 3671 regenerationis
1511 3587 1845 3653 lavacrum
1892 3620 1915 3643 ο
1958 3587 2208 3652 tribuas
2273 3608 2393 3671 per
2451 3589 2825 3653 unctionem
2855 3600 2973 3656 556

631 3691 818 3755 istius
849 3701 1186 3756 creaturae
1216 3691 1674 3774 purgationem
1701 3692 1945 3755 mentis
1973 3702 2043 3756 et
2071 3693 2383 3776 corporis
2444 3692 2543 3757 Ut
2574 3693 2827 3775 siquae

631 3794 758 3858 illis
787 3796 1274 3860 adversantium
1299 3796 1648 3877 spirituum
1680 3796 2019 3861 inhaesere
2048 3795 2357 3879 reliquiae
2374 3794 2427 3834 ²⁰
2457 3797 2543 3861 ad
2572 3806 2825 3862 tactum

630 3896 1023 3963 sanctificati
1090 3898 1218 3963 olei
1285 3899 1482 3963 huius
1549 3899 1932 3964 abscedant.
2053 3900 2275 3965 Nullis
2294 3897 2346 3937 ²¹
2421 3900 2825 3984 spiritalibus

629 4002 938 4085 nequitiis
984 4001 1185 4081 locus,
1239 4002 1416 4067 nulla
1469 4004 1713 4087 refugis
1762 4004 2115 4069 virtutibus
2164 4004 2251 4069 sit
2303 4003 2599 4081 facultas,
2644 4003 2825 4070 nulla

628 4104 1084 4169 insidiantibus
1137 4106 1327 4169 malis
1377 4105 1624 4171 latendi
1685 4107 1949 4173 licentia
1999 4107 2419 4190 relinquatur,
2471 4108 2587 4172 sed
2641 4109 2823 4172 veni-

630 4208 894 4273 entibus
922 4209 1007 4272 ad
1039 4208 1236 4273 fidem
1281 4211 1481 4274 servis
1513 4211 1662 4283 tuis,
1694 4221 1760 4274 et
1801 4212 2006 4276 sancti
2050 4210 2333 4294 Spiritus
2352 4208 2403 4246 ²2
2438 4212 2823 4293 operatione

629 4312 1029 4376 mundandis
1093 4314 1178 4376 sit
1243 4312 1566 4377 unctionis
1640 4313 1835 4378 huius
1908 4316 2328 4398 praeparatio
2352 4313 2407 4353 2³
2482 4316 2660 4379 utilis
2734 4318 2817 4380 ad

629 4414 930 4492 salutem,
981 4434 1182 4497 quam
1235 4417 1436 4480 etiam
1492 4438 1610 4501 per
1659 4418 1963 4482 caelestis
2016 4420 2531 4501 regenerationis
2586 4420 2818 4484 nativi-

627 4528 835 4582 tatem
868 4520 932 4582 in
965 4530 1380 4585 sacramento
1411 4531 1562 4585 sunt
1586 4521 2006 4605 baptismatis
2039 4522 2363 4607 adepturi.
2426 4523 2551 4588 Per
2582 4524 2819 4587 Domi-

627 4642 783 4685 num
823 4633 1120 4688 nostrum
1165 4623 1385 4687 Iesum
1421 4625 1774 4703 Christum,
1805 4627 1915 4709 qui
1954 4637 2267 4691 venturus
2311 4636 2411 4692 est
2459 4627 2743 4692 iudicare
2766 4623 2819 4663 ²⁴

625 4722 958 4789 saeculum
991 4747 1108 4809 per
1139 4727 1378 4807 ignem.
