3342 5392
398 449 442 499 1.
464 448 581 513 xii.]
1018 444 1444 502 ROMANAE
1487 443 1979 501 ECCLESIAE.
2510 450 2539 497 1
2556 452 2584 496 1

396 611 764 678 Salvator-is
822 611 1069 691 mundi,
1119 608 1312 677 stella
1358 608 1743 688 famulante,
1794 605 2221 673 manifestata
2279 606 2595 671 nativitas

398 717 730 782 mentibus
759 736 987 781 eorum
1017 712 1128 781 et⁷
1159 715 1487 781 reveletur
1513 734 1775 799 semper
1806 723 1874 779 et
1902 722 2175 779 crescat.
2264 711 2405 775 Per.
2436 737 2480 793 γ

464 834 484 864 ¹
521 836 736 887 tenebris
756 836 812 887 S*
833 836 985 889 Gerb.
1007 836 1144 886 Pam.
1165 852 1180 896 3
1227 835 1291 887 V.
1315 833 1372 885 S¹
1394 851 1450 885 as
1473 842 1576 885 text
1598 832 2131 899 (ungrammatically).
2300 830 2323 860 ²
2363 846 2529 881 carere
2548 837 2597 881 et

390 902 661 967 pervenire
673 903 932 953 valcamus
947 901 1002 952 S*
1017 904 1167 953 Gerb.
1189 918 1203 960 3
1237 917 1400 951 carere
1411 902 1668 950 valeamus
1686 899 2007 965 etpervenire
2025 900 2087 949 R.
2105 913 2119 957 ;
2142 898 2206 947 V.
2223 895 2280 947 S¹
2298 897 2440 946 Pam.
2456 897 2593 946 Men.

401 984 460 1017 as
477 974 600 1017 text.
747 966 767 995 ³
788 976 851 1018 ut
867 968 920 1019 ei
928 966 1278 1033 praesentibus
1299 967 1470 1027 Pam.;
1500 972 1562 1015 ut
1570 965 1919 1032 praesentibus
1940 965 2029 1013 illi
2048 964 2186 1014 Men.
2212 961 2361 1026 (both
2383 962 2595 1026 alter-ing

403 1034 540 1081 what
563 1032 786 1093 follows)
806 1048 822 1095 ς
857 1034 921 1084 V.
947 1033 1008 1082 R.
1036 1032 1086 1083 S.
1115 1033 1266 1083 Gerb.
1301 1048 1358 1082 as
1389 1040 1506 1082 text.
1690 1030 1709 1059 ⁴
1743 1030 1806 1079 R.
1830 1030 1881 1081 S.
1905 1029 2056 1081 Gerb.
2081 1029 2249 1093 assign
2270 1028 2371 1079 this
2394 1028 2595 1077 Preface

401 1104 457 1147 to
484 1098 570 1147 the
595 1098 767 1148 Sundn
825 1098 949 1149 aster
977 1098 1261 1164 Epiphany,
1286 1098 1428 1148 Pam.
1460 1105 1515 1146 to
1541 1098 1626 1147 the
1647 1096 1919 1161 Epiphany
1947 1095 2101 1157 itself,
2124 1095 2260 1144 Men.
2291 1099 2346 1143 to
2368 1094 2454 1143 the
2474 1093 2595 1157 Epi-

405 1164 575 1229 phany
602 1164 701 1213 and
783 1180 842 1215 so
873 1172 929 1214 to
961 1164 1048 1215 the
1080 1164 1298 1227 Sunday.
1446 1160 1469 1192 ⁸
1499 1162 1562 1213 V.
1589 1164 1741 1213 omits
1762 1162 1847 1212 the
1876 1161 2040 1213 words
2072 1162 2123 1209 in
2153 1160 2395 1223 brackets,
2432 1158 2598 1209 which

405 1243 490 1277 are
511 1230 726 1279 restored
747 1229 876 1279 from
898 1231 982 1281 the
1013 1230 1155 1280 other
1186 1236 1328 1293 texts,
1355 1228 1521 1278 where
1552 1229 1671 1293 they
1704 1242 1893 1293 appear
1921 1227 2047 1277 with
2066 1244 2099 1276 a
2118 1226 2379 1275 variation.
2456 1224 2521 1273 R.
2544 1223 2597 1273 S.

404 1294 546 1343 Pam.
569 1295 688 1345 read
711 1295 770 1344 in
792 1310 924 1345 nova
943 1332 956 1346 .
983 1332 996 1345 .
1022 1332 1034 1345 .
1052 1296 1190 1355 luce;
1213 1292 1267 1344 S²
1287 1294 1438 1345 Gerb.
1466 1310 1596 1344 nova
1615 1330 1628 1343 .
1647 1330 1662 1343 .
1689 1329 1702 1343 .
1722 1294 1845 1344 luce.
1942 1292 2055 1341 The
2077 1292 2233 1340 lucem
2258 1290 2316 1340 of
2341 1290 2406 1338 V.
2430 1289 2599 1354 points

406 1366 462 1409 to
485 1360 570 1409 the
590 1360 798 1425 reading
818 1360 878 1412 of
894 1360 981 1411 the
1003 1366 1128 1422 text,
1145 1358 1269 1411 with
1289 1360 1456 1411 which
1479 1360 1614 1409 Men.
1641 1372 1831 1424 agrees.
1960 1359 1981 1390 ⁸
2000 1356 2054 1408 S¹
2072 1356 2223 1408 omits
2236 1362 2301 1407 et.
2398 1352 2418 1383 '⁸
2445 1355 2597 1406 Get-b.

409 1424 558 1475 omits
579 1430 642 1477 et.

1428 1573 1582 1628 111.

1060 1687 1254 1752 ITEM
1303 1700 1384 1751 IN
1429 1686 1962 1751 THEOPHANIA.

1366 1816 1454 1881 In
1496 1815 1649 1881 Die.

498 1930 937 2015 Omnipotens
959 1932 1359 2016 sempiterne
1385 1933 1588 2010 DeuS‚
1605 1931 1720 2014 qui
1740 1929 1949 1996 Verbi
1968 1930 2065 1995 tui
2090 1926 2603 1993 incarnationem
2658 1941 2722 1991 R.
2744 1941 2796 1991 s.

413 2034 725 2115 praeclari
764 2037 1152 2101 testimonio
1199 2037 1430 2101 sideris
1473 2035 1799 2113 indicasti,
1844 2035 2024 2118 quod
2072 2034 2375 2098 videntes
2423 2031 2603 2113 magi
2656 2008 2806 2058 Gerb.
2836 2004 2913 2056 ¹⁶·

411 2137 650 2204 oblatis
679 2140 1099 2205 maiestatem
1128 2150 1316 2203 tuam
1353 2141 1733 2204 muneribus
1763 2140 2121 2204 adorarunt
2143 2136 2186 2216 ¹,
2210 2136 2501 2201 concede
2530 2144 2605 2200 ut
2654 2074 2969 2216 ῗιζῑῗῦδδῐε·

411 2261 672 2327 semper
699 2243 768 2306 in
799 2243 1132 2308 mentibus
1161 2246 1398 2308 nostris
1428 2252 1581 2309 tuae
1609 2251 1928 2327 appareat
1957 2241 2151 2308 stella
2174 2241 2481 2318 iustitiae,
2499 2236 2605 2304 et²
2656 2204 2817 2321 ἕζῗῖ
2840 2268 2953 2334 538·

411 2357 636 2410 noster
664 2348 730 2409 in
761 2356 880 2413 tua
897 2348 984 2413 sit
1014 2348 1428 2413 confessione
1463 2348 1833 2413 thesaurus.
1923 2348 2068 2412 Per.

500 2465 705 2543 DeuS,
745 2468 933 2533 cuius
969 2467 1376 2553 Unigenitus
1424 2469 1491 2532 in
1525 2468 1901 2534 substantia
1934 2477 2198 2532 nostrae
2239 2464 2450 2531 carnis
2492 2483 2609 2545 ap·
2661 2482 2725 2562 R:
2750 2483 2801 2534 S.

411 2570 649 2655 paruit,
682 2581 961 2655 praesta,
989 2592 1412 2656 quaesumuS,
1440 2581 1514 2635 ut
1545 2594 1662 2657 per
1691 2592 1845 2636 eum
1871 2591 2071 2655 quem
2102 2569 2386 2635 similem
2419 2566 2611 2632 nobis
2660 2548 2921 2665 gzrfffssg·

409 2675 585 2739 foras
602 2672 630 2712 ³
659 2676 1054 2759 agnovimus
1083 2676 1261 2741 intus
1283 2676 1620 2741 reformari
1647 2696 2033 2741 mereamur.
2094 2675 2221 2740 Per
2239 2672 2608 2737 Dominum
2659 2680 2801 2729 Pam.
2828 2689 2942 2745 197·

412 2788 731 2843 nostrum.
777 2806 821 2861 γ
2662 2746 2800 2797 Men.
2826 2746 2903 2795 ¹⁸·

502 2900 692 2963 Deus
710 2898 1116 2965 illuminator
1145 2900 1440 2965 omnium
1463 2900 1779 2985 gentium,
1810 2902 1898 2966 da
1928 2897 2193 2985 populis
2222 2896 2355 2963 tuis
2376 2916 2613 2980 perpe-
2662 2901 2727 2951 R.
2749 2899 2802 2951 S.

2663 2974 2820 3025 Gerb.
2848 2982 2925 3037 17.

413 3015 531 3069 tua
541 3023 706 3088 pace
727 3005 1040 3088 gaudere,
1057 3014 1126 3067 et
1145 3004 1310 3070 illud
1335 3004 1559 3070 lumen
1576 3005 1995 3089 splendidum
2014 3004 2288 3068 infunde
2306 3000 2615 3065 cordibus
2663 3049 2806 3099 Pam.
2832 3047 2945 3113 196.

413 3108 672 3184 nostris,
701 3108 883 3191 quod
915 3108 1116 3174 trium
1148 3129 1495 3193 magorum
1527 3110 1857 3174 mentibus
1887 3107 2221 3192 aspersisti
2243 3104 2289 3172 ⁴.
2384 3105 2527 3169 Per.
2557 3130 2598 3185 γ
2663 3123 2802 3172 Men.
2831 3135 2908 3187 17.

1351 3263 1641 3320 secreta·
2495 3197 2639 3247 Miss·
2666 3196 2823 3248 Goth.
2847 3210 2959 3261 541.

505 3364 783 3430 Hostias
841 3366 986 3442 tibi,
1048 3364 1358 3439 Domine,
1407 3384 1530 3450 pro
1590 3366 1733 3430 nati
1792 3366 1889 3430 tui
1951 3365 2100 3430 Filii
2124 3363 2151 3403 ⁶
2202 3369 2616 3451 apparitione
2667 3375 2729 3453 R:
2750 3375 2802 3426 S.

364 3468 378 3480 ⁸
416 3465 786 3543 deferimus,
835 3468 1222 3551 suppliciter
1273 3478 1644 3544 exoranteS,
1702 3479 1776 3533 ut
1826 3469 1996 3535 sicut
2048 3471 2190 3555 ipse
2240 3480 2615 3536 nostrorum
2668 3441 2823 3557 ἓξὲξ,
2822 3441 2929 3558 ⁶1⁸3),

416 3581 648 3636 auctor
676 3581 778 3637 est
808 3592 1157 3637 munerum
1181 3572 1226 3650 ⁶,
1258 3573 1400 3655 ipse
1429 3574 1517 3637 sit
1554 3573 1921 3638 misericors
1958 3584 2028 3639 et
2062 3584 2406 3658 susceptor
2435 3576 2619 3641 Iesus
2670 3571 2808 3621 Pam.
2838 3573 2948 3637 Ῐ98-

418 3674 720 3741 Christus
737 3676 764 3715 '¹
795 3675 1127 3741 Dominus
1152 3686 1393 3743 noster.
1482 3676 1617 3761 Qui
1646 3686 1869 3741 tecum
1897 3678 2078 3742 vivit.
2670 3637 2806 3688 Men.
2836 3638 2915 3690 ¹⁸·

501 3803 657 3867 VD.
704 3803 807 3870 Te
837 3803 1149 3870 laudare⁸
1182 3804 1550 3870 mirabilem
1585 3806 1851 3870 Deum⁹
1880 3807 1947 3870 in
1970 3808 2279 3873 omnibus
2308 3808 2621 3891 operibus
2672 3820 2733 3881 R.
2757 3819 2809 3870 S.

415 3909 550 3973 tuis
569 3906 626 3946 ¹⁰
653 3908 893 3991 quibus
924 3906 978 3947 ¹¹
1009 3909 1193 3994 regni
1232 3910 1330 3973 tui
1367 3909 1685 3991 mysteria
1725 3910 2049 3977 revelasti.
2139 3910 2333 3976 Hanc
2369 3911 2545 3976 enim
2568 3910 2619 3951 ¹2
2673 3886 2929 4017 ((ζέζΐὸ)

270 4026 392 4085 503
417 4010 843 4077 festivitatem
861 4010 915 4052 ¹³
945 4012 1149 4077 index
1172 4032 1530 4096 puerperae
1551 4011 1606 4052 ¹⁴
1624 4044 1650 4069 ι
1670 4012 2005 4095 virginalis
2034 4013 2227 4079 stella
2246 4016 2621 4098 praecessit,
2672 4016 2809 4067 Pam.
2835 4032 2950 4082 559-

420 4134 594 4198 quae
645 4125 876 4182 natum
929 4116 998 4180 in
1051 4126 1227 4180 terra
1279 4115 1441 4181 caeli
1495 4117 1864 4182 Dominum
1926 4118 2139 4201 magis
2198 4118 2621 4201 stupentibus
2671 4083 2812 4200 ffiffij
2831 4095 2945 4213 21953

421 4218 775 4295 nuntiaret,
851 4228 928 4285 ut
1007 4218 1533 4285 manifestandus
1616 4222 1869 4286 mundo
1953 4222 2139 4286 Deus
2213 4231 2284 4287 et
2354 4224 2623 4289 caelesti

421 4324 923 4389 denuntiaretur
959 4324 1219 4403 indicio,
1265 4333 1332 4387 et
1370 4324 1824 4407 temporaliter
1862 4334 2247 4419 procreatus
2286 4326 2622 4409 signorum

424 4426 893 4509 temporalium
927 4427 1294 4491 ministerio
1324 4428 1738 4510 panderetur.
1830 4429 1924 4494 Et
1951 4428 2119 4493 ideo.
2166 4455 2208 4511 γ

1232 4562 1424 4619 Intra
1457 4561 1815 4620 actionem.

514 4664 1124 4744 communicanteS‚
1185 4674 1252 4731 et
1303 4666 1486 4731 diem
1548 4662 2063 4731 sacratissimum
2124 4663 2531 4731 celebrantes
2551 4664 2625 4746 ¹⁶,
2676 4676 2741 4727 R.
2764 4676 2815 4727 S.

425 4787 562 4851 quo
596 4768 998 4853 Unigenitus
1040 4778 1194 4833 tuus
1231 4770 1297 4832 in
1341 4778 1456 4834 tua
1503 4780 1723 4835 tecum
1766 4768 1978 4852 gloria
2017 4768 2455 4852 sempiternus
2472 4767 2527 4810 ¹⁶
2558 4770 2625 4833 in
2677 4738 2933 4794 Gerb.16.
