3342 5392
1197 439 1207 448 ’
1277 448 1745 507 ΑΡΡΕΝΒΙΧ.
2490 457 2615 526 329

697 614 1018 675 Dominica.
1105 609 1344 696 [Statio]
1385 615 1468 672 ad
1504 613 1570 674 S.
1611 611 1987 673 Laurentium
2030 611 2115 690 [in
2142 609 2338 693 xxx}
2668 609 2821 662 Gerb-
2836 627 2884 676 1²-
2895 625 2976 676 49·

617 729 694 802 Q.
737 748 794 790 o.
834 728 914 789 D.
953 737 1088 790 vota
1128 729 1434 788 humilium
1476 729 1701 806 respice

616 826 935 905 Propitiare
975 825 1132 888 Dne.
1172 827 1418 906 supplic.
1457 827 1672 888 nostris
1712 835 1774 886 et
1813 826 2143 886 animarum

619 925 864 1003 Suscipe
905 944 962 1003 q.
1006 923 1158 985 Dne.
1203 925 1418 986 nostris
1459 925 1656 986 oblata
1700 925 1943 984 servitiis

579 1022 751 1082 *VD.
794 1022 1141 1101 Suppliciter
1180 1041 1426 1084 exorare
1465 1032 1532 1083 ut
1573 1041 1710 1083 cum
1753 1023 2113 1083 abstinentia

618 1120 862 1182 Cunctis
903 1139 1014 1181 nos
1053 1120 1210 1181 Dne.
1247 1123 1504 1182 reatibus

617 1219 958 1281 Subiectum
999 1221 1101 1280 tibi
1142 1219 1428 1300 populum
1469 1239 1526 1299 q.
1569 1219 1723 1281 Dne.
1762 1219 2092 1298 propitiatio

1099 1359 1170 1420 F
1160 1363 1282 1420 cria
1322 1363 1375 1421 ie·
1407 1363 1491 1421 ad
1526 1361 1594 1422 S.
1633 1361 1931 1420 Marcum.
2672 1366 2821 1418 Gerb.
2837 1382 2885 1432 p.
2902 1377 2983 1430 50.

578 1475 906 1537 *Cordibus
947 1477 1160 1537 nostris
1201 1495 1261 1554 q.
1301 1476 1454 1537 Dne.
1497 1478 1788 1556 benignus
1827 1475 2068 1536 infunde

579 1573 918 1635 *Conserva
957 1573 1112 1635 Dne.
1154 1575 1434 1635 familiam
1473 1585 1636 1636 tuam
1678 1575 1852 1636 bonis

617 1671 841 1733 Munus
881 1673 1045 1751 quod
1083 1675 1189 1734 tibi
1227 1673 1382 1736 Dne.
1424 1685 1660 1735 nostrae
1704 1673 1993 1734 servitutis

615 1771 792 1844 Quos
833 1772 1047 1832 ieiunia
1087 1772 1280 1833 votiva
1319 1773 1604 1850 castigant

617 1869 853 1930 Gratias
895 1871 996 1930 tibi
1038 1871 1244 1932 referat
1285 1870 1438 1931 Dne.
1483 1870 1664 1932 corde
1706 1870 1969 1931 subiecto

1037 2009 1104 2069 F
1095 2011 1220 2071 cria
1259 2012 1336 2070 iii
1368 2013 1451 2070 ad
1486 2011 1550 2073 S.
1594 2011 2009 2071 Potentianam.
2672 2022 2808 2074 Gerb

615 2124 849 2186 Exaudi
890 2143 1000 2187 nos
1041 2143 1098 2186 o.
1140 2134 1200 2185 et
1239 2145 1318 2187 m.
1363 2126 1440 2186 D.
1482 2136 1540 2187 et
1581 2127 1973 2188 continentiae
2674 2105 2759 2154 pp.
2782 2102 2862 2154 50’
2881 2101 2961 2152 ⁵¹⁸

614 2223 976 2302 Prosequere
1017 2243 1074 2285 o.
1117 2223 1192 2284 D.
1235 2223 1584 2285 ieiuniorum

619 2320 731 2381 Per
769 2321 916 2382 haec
955 2323 1148 2383 veniat
1187 2341 1246 2400 q.
1287 2321 1444 2382 Dne.
1487 2332 1851 2384 sacramenta

618 2419 810 2480 Sacris
851 2418 1004 2480 Dne.
1045 2420 1333 2497 mysteriis
1372 2421 1591 2498 expiati

616 2518 900 2580 Concede
940 2536 1019 2578 m.
1059 2517 1135 2578 D.
1178 2528 1243 2579 ut
1283 2518 1527 2579 devotus
1566 2519 1672 2579 tibi
1714 2519 1969 2598 populus

1113 2657 1297 2718 Ferz'a
1337 2659 1397 2718 iv
1437 2660 1520 2718 ad
1554 2659 1620 2719 S.
1663 2658 1925 2720 St'xtum.
2675 2678 2828 2730 Gerb.
2837 2693 2887 2744 p.
2902 2691 2985 2743 51.

616 2772 855 2834 Praesta
896 2791 955 2852 q.
1002 2771 1173 2834 nobis
1213 2773 1368 2834 Dne.
1411 2784 1476 2835 ut
1518 2774 1867 2835 salutaribus

577 2871 688 2930 *D.
731 2872 833 2950 qui
875 2890 988 2931 nos
1028 2871 1282 2932 sormam
1322 2872 1659 2934 humilitatis
1683 2872 1705 2907 ¹

617 2965 888 3050 [Suscipe
933 2987 994 3048 q.
1035 2968 1188 3030 Dne.
1230 2987 1434 3048 preces
1473 2969 1680 3049 populi
1720 2971 1803 3032 tui
1844 2989 1979 3032 cum
2021 2971 2143 3032 obl.

620 3067 951 3129 Sanctificet
991 3086 1104 3129 nos
1143 3067 1298 3127 Dne.
1342 3087 1458 3146 qua
1497 3069 1650 3146 pasti
1693 3087 1896 3129 sumus

615 3160 884 3221 Defende
926 3161 1080 3226 Dne.
1124 3161 1405 3222 familiam
1446 3172 1610 3223 tuam
1653 3172 1711 3224 et
1751 3160 1906 3245 toto]

847 3299 1054 3384 [Feria
1094 3320 1130 3362 v
1171 3302 1256 3361 ad
1291 3299 1406 3362 SS.
1454 3301 1715 3364 Cosmum
1754 3309 1809 3363 et
1844 3301 2217 3363 Damianum.
2675 3325 2829 3377 Gerb.

577 3417 712 3478 *Da
749 3435 810 3496 q.
849 3417 1002 3478 Dne.
1045 3435 1149 3478 rex
1191 3427 1424 3479 aeterne
2676 3407 2761 3457 ΡΡ·
2786 3405 2973 3458 ⁵¹’5²·

615 3516 782 3578 Deus
823 3517 924 3595 qui
964 3517 1337 3594 peccantium
1378 3516 1608 3578 animas

617 3614 782 3676 Deus
823 3614 897 3674 de
939 3615 1105 3675 cuius
1146 3615 1366 3691 gratiae
1408 3633 1540 3675 rore

617 3713 981 3773 Sacramenti
1022 3713 1105 3772 tui
1145 3712 1299 3773 Dne.
1341 3712 1674 3774 veneranda

616 3810 896 3872 Concede
939 3829 998 3890 q.
1039 3830 1096 3872 o.
1136 3810 1214 3876 D.
1257 3821 1323 3872 ut
1361 3813 1462 3890 qui
1503 3809 1911 3894 protectionis]

839 3947 1046 4032 [Feria
1085 3952 1154 4013 vi
1184 3954 1268 4012 ad
1301 3951 1366 4014 S.
1407 3953 1785 4014 Laurentium
1825 3955 1909 4013 ad
1952 3953 2157 4036 Tild(?)
2173 3955 2212 4016 ².
2674 3973 2809 4024 Gerb

616 4067 844 4128 Ieiunia
883 4077 1082 4128 nostra
1123 4088 1180 4147 q.
1222 4068 1376 4129 Dne.
1417 4069 1678 4146 benigno
2674 4055 2758 4105 ¹³¹³·
2782 4053 2863 4104 ⁵²'
2884 4053 2964 4105 ⁵³·

581 4166 838 4226 *Adesto
879 4167 1054 4227 nobis
1094 4185 1152 4244 q.
1195 4186 1251 4228 o.
1295 4166 1370 4227 D.
1414 4176 1472 4227 et
1513 4185 1617 4245 per
1657 4166 1938 4228 ieiunium

619 4263 872 4341 Respice
913 4263 1064 4325 Dne.
1107 4264 1392 4344 propitius
1433 4265 1508 4325 ad
1549 4283 1793 4327 munera
1832 4284 1984 4344 quae
2025 4283 2323 4328 sacramus

616 4361 816 4422 Huius
856 4381 968 4424 nos
1007 4362 1158 4424 Dne.
1201 4364 1500 4442 perceptio
1541 4365 1888 4425 sacramenti
1928 4365 2170 4427 mundet

619 4460 892 4522 Gaudeat
933 4461 1087 4522 Dne.
1127 4481 1185 4540 q.
1225 4462 1478 4540 populus
1519 4472 1653 4523 tuus
1695 4481 1928 4540 semper

480 4571 500 4600 ¹
533 4573 671 4639 Only
693 4574 780 4624 the
799 4574 904 4626 first
923 4575 1089 4625 words
1111 4575 1172 4625 of
1187 4575 1288 4626 this
1309 4575 1506 4627 Collect
1526 4591 1610 4627 are
1631 4591 1749 4627 now
1770 4577 1822 4626 in
1850 4577 1909 4628 R.
1932 4575 2097 4628 which
2120 4577 2163 4630 is
2184 4575 2423 4630 defective
2444 4585 2499 4630 at
2520 4577 2623 4632 this

416 4640 576 4706 point,
600 4640 785 4705 having
805 4640 1100 4706 apparently
1121 4641 1219 4691 lost
1241 4649 1342 4692 two
1361 4642 1540 4692 leaves.

482 4703 504 4734 ²
535 4705 757 4771 Perhaps
801 4708 816 4734 ‘
829 4707 904 4755 ad
949 4705 1214 4756 Paulum?
1299 4707 1409 4760 The
1442 4707 1643 4760 Church
1684 4707 1743 4759 of
1774 4709 1825 4761 S.
1860 4708 2109 4762 Laurence
2145 4710 2159 4736 ‘
2174 4711 2225 4760 in
2264 4707 2481 4762 Lucina’
2517 4725 2622 4762 was

415 4771 600 4824 known
621 4787 680 4826 as
703 4775 716 4801 ⁶
733 4771 935 4824 Titulus
957 4771 1209 4824 Lucinae)
