3342 5392
496 452 538 503 1.
563 452 716 517 xliii]
1121 452 1551 509 ROMANAE
1592 449 2076 507 ECCLESIAE.
2614 444 2695 529 83

494 616 840 701 Aegyptia
869 615 1212 681 liberando
1241 616 1564 680 dexterae
1590 623 1749 680 tuae
1794 614 2095 699 potentia
2130 612 2490 692 contulisti,
2520 612 2591 681 id
2623 616 2691 680 in
2744 624 2877 673 Mur.
2902 623 2954 675 ii.

489 719 776 784 salutem
806 720 1106 804 gentium
1137 740 1259 803 per
1285 739 1530 803 aquam
1554 718 2072 803 regenerationis
2092 720 2405 803 operariS,
2428 728 2693 803 praesta
2749 690 2856 753 ¹⁴⁸⁰

343 830 460 886 567
491 832 566 888 ut
625 833 694 887 et
751 824 820 887 in
855 854 878 879 a
910 822 1232 889 Abrahae
1299 821 1470 887 filios
1536 832 1605 887 et
1665 822 1736 887 in
1803 822 2233 889 Israeliticam
2293 823 2691 908 dignitatem

487 926 696 993 totius
728 927 955 992 mundi
987 936 1281 992 transeat
1308 926 1676 1010 plenitudo.
1768 926 1906 992 Per.
1937 952 1979 1008 γ

569 1032 660 1095 In
685 1032 906 1097 Esaia
936 1053 996 1095 v.

574 1151 1019 1236 Omnipotens
1077 1152 1480 1237 sempiterne
1542 1152 1747 1231 Deus,
1808 1151 2179 1237 multiplica
2236 1154 2302 1216 in
2362 1152 2613 1217 honore
2636 1152 2691 1191 ¹⁰
2743 1167 2805 1217 R.
2828 1166 2878 1219 s.
2903 1168 2985 1231 (6)

485 1257 772 1321 nominis
802 1257 898 1320 tui
928 1256 1112 1340 quod
1142 1266 1406 1340 patrum
1439 1254 1596 1321 fidei
1624 1256 2043 1341 spopondisti
2059 1255 2109 1295 ¹¹
2136 1266 2204 1323 et
2234 1257 2689 1341 promissionis
2738 1234 3001 1350 ffiffiifff&

483 1358 655 1424 filios
705 1380 896 1425 sacra
945 1361 1309 1444 adoptione
1356 1359 1584 1435 dilata,
1633 1370 1711 1425 ut
1758 1361 1940 1441 quod
1984 1361 2232 1443 priores
2276 1361 2490 1425 sancti
2551 1380 2684 1424 non
2740 1366 2849 1428 148·

481 1462 956 1530 dubitaverunt
999 1463 1312 1543 futurum,
1341 1463 1619 1529 ecclesia
1661 1473 1781 1530 tua
1826 1484 2072 1547 magna
2115 1464 2249 1529 iam
2296 1474 2485 1548 parte
2519 1484 2685 1548 -cog-

482 1576 715 1632 noscat
750 1567 1123 1651 impletum.
1215 1568 1354 1635 Per.
1386 1596 1428 1651 γ

567 1672 652 1735 In
680 1671 991 1737 Ezechiel
1013 1673 1103 1737 vi.

572 1793 781 1870 Deus,
829 1794 946 1876 qui
998 1813 1120 1857 nos
1173 1794 1261 1858 ad
1315 1791 1782 1858 celebrandum
1836 1793 2147 1877 paschale
2193 1803 2680 1857 sacramentum
2734 1809 2795 1858 R.
2818 1809 2869 1861 S.
2897 1810 2975 1875 (8)

482 1898 824 1982 utriusque
843 1894 896 1935 ¹²
926 1895 1302 1962 testamenti
1334 1897 1594 1981 paginis
1629 1897 1946 1974 imbuisti,
1976 1898 2065 1961 da
2094 1896 2286 1961 nobis
2316 1896 2683 1980 intelligere
2732 1876 2995 1993 ἓξὲξ*

482 2000 963 2066 misericordias
1003 2012 1155 2067 tuas
1171 1998 1244 2078 ¹³,
1274 2011 1350 2065 ut
1380 2021 1470 2065 ex
1500 2002 1933 2085 perceptione
1960 2000 2409 2085 praesentium
2442 2021 2676 2066 mune-
2735 2008 2846 2070 148-

479 2124 628 2169 rum
656 2104 850 2169 firma
878 2104 966 2169 sit
995 2105 1379 2195 expectatio
1413 2104 1803 2169 futurorum.
1892 2103 2030 2169 Per.
2061 2130 2105 2187 γ

567 2209 671 2273 vii
696 2209 770 2273 in
798 2208 1022 2275 Esaia
1052 2230 1198 2273 cum
1225 2210 1473 2274 cantico
1487 2208 1703 2273 Vinea
1735 2208 2025 2273 Domini.

567 2329 772 2405 Deus,
832 2330 949 2413 qui
1006 2330 1074 2394 in
1132 2329 1442 2395 omnibus
1497 2329 1816 2394 ecclesiae
1877 2336 2037 2394 tuae
2089 2327 2240 2392 filiis
2298 2338 2679 2394 sanctorum
2731 2345 2795 2394 R.
2816 2344 2867 2395 s.
2894 2344 2973 2411 (9)

477 2434 953 2518 prophetarum
994 2454 1156 2499 voce
1198 2432 1637 2499 manifestasti
1684 2432 1750 2497 in
1794 2434 1976 2498 omni
2024 2433 2172 2498 loco
2208 2432 2678 2498 dominationis
2730 2410 2991 2527 geg-²324·

476 2546 634 2603 tuae
655 2547 946 2602 satorem
977 2546 1046 2601 te
1082 2537 1407 2602 bonorum
1448 2538 1801 2615 seminum,
1830 2546 1900 2602 et
1929 2535 2289 2602 electorum
2322 2536 2673 2621 palmitum
2733 2553 2842 2607 149·

474 2662 620 2705 esse
659 2641 982 2707 cultorem
1003 2637 1078 2717 ¹¹²,
1109 2642 1330 2707 tribue
1373 2640 1638 2727 populis
1670 2641 1818 2719 tuis,
1848 2642 1963 2724 qui
2000 2651 2069 2707 et
2112 2644 2449 2707 vinearum
2494 2642 2675 2726 apud

474 2752 542 2808 te
591 2746 859 2809 nomine
906 2754 1258 2811 censentur
1305 2754 1375 2809 et
1425 2755 1748 2829 segetum,
1777 2755 1852 2809 ut
1870 2744 1923 2783 ¹⁵
1970 2745 2309 2830 spinarum
2348 2755 2415 2812 et
2466 2746 2671 2811 tribu-

474 2847 689 2913 lorum
735 2848 1045 2932 squalore
1089 2860 1384 2916 resecato
1429 2850 1614 2934 digni
1637 2848 1691 2889 ¹⁶
1735 2849 2106 2915 efficiantur
2149 2848 2337 2933 fruge
2382 2850 2671 2915 secundi.

474 2952 615 3016 Per.
638 2980 682 3037 γ

557 3058 729 3122 Item
759 3059 832 3123 in
859 3056 1095 3123 Exodo
1125 3057 1271 3124 viii.

559 3179 760 3255 Deus,
804 3180 918 3262 qui
963 3179 1416 3244 diversitatem
1461 3179 1758 3243 omnium
1806 3179 2107 3262 gentium
2152 3179 2219 3243 in
2263 3180 2674 3245 consessione
2724 3192 2788 3243 R.
2812 3193 2864 3244 S.
2889 3194 3002 3260 (11)

472 3282 570 3345 tui
602 3283 890 3347 nominis
921 3302 1129 3348 unum
1174 3302 1319 3348 esse
1363 3282 1578 3349 fecisti
1598 3282 1676 3361 ¹⁷,
1706 3282 1795 3347 da
1834 3282 2027 3346 nobis
2066 3292 2134 3347 et
2162 3282 2335 3348 velle
2378 3293 2447 3347 et
2476 3304 2673 3368 posse
2723 3256 2982 3375 ἓξὲξ·

469 3387 651 3469 quod
671 3384 722 3423 ¹⁸
754 3387 1100 3471 praecipis,
1125 3395 1201 3451 ut
1243 3387 1496 3472 populo
1535 3388 1621 3453 ad
1667 3386 2127 3451 aeternitatem
2157 3397 2396 3452 vocato
2427 3407 2558 3452 una
2584 3388 2671 3451 sit
2725 3404 2837 3455 149-

467 3488 632 3555 fides
662 3491 983 3555 mentium
1015 3500 1083 3555 et
1109 3491 1325 3576 pietas
1355 3492 1711 3558 actionum.
1799 3491 1941 3554 Per.
1972 3515 2014 3571 γ

553 3596 628 3659 ix
668 3595 756 3659 In
785 3594 1299 3674 Deuteronomio,
1327 3616 1473 3659 cum
1499 3594 1763 3660 cantico.

555 3715 742 3781 Deus
781 3715 1104 3782 celsitudo
1142 3716 1512 3797 humilium,
1541 3724 1611 3780 et
1641 3714 1963 3781 fortitudo
1992 3722 2363 3791 rectorum3
2408 3714 2521 3797 qui
2551 3733 2670 3798 per
2719 3731 2781 3779 R.
2804 3730 2855 3781 s.
2882 3729 2994 3795 (η)

465 3830 766 3885 sanctum
826 3820 1114 3902 Moysen
1164 3840 1442 3904 puerum
1494 3830 1683 3885 tuum
1734 3821 1830 3884 ita
1877 3818 2134 3884 erudire
2185 3816 2469 3901 populos
2516 3827 2667 3882 tuos
2718 3795 2977 3912 ἓξὲξ*

463 3922 633 3988 sacri
663 3924 974 3990 carminis
1003 3924 1101 3989 tui
1141 3923 1602 3990 decantatione
1631 3923 1919 3999 voluisti,
1950 3933 2025 3987 ut
2058 3921 2169 3987 illa
2207 3921 2372 4005 legis
2403 3921 2667 3986 iteratio
2722 3940 2833 3993 149·

464 4026 652 4092 fieret
681 4028 884 4093 etiam
916 4036 1145 4093 nostra
1183 4028 1476 4103 directi0,
1508 4027 1734 4092 excita
1763 4028 1829 4090 in
1862 4046 2131 4093 omnem
2164 4025 2664 4091 iustificatamm

461 4132 766 4216 gentium
808 4131 1289 4216 plenitudinem
1331 4132 1705 4215 potentiam
1736 4140 1943 4209 tuam,
1983 4140 2051 4196 et
2083 4124 2295 4218 [dan]
2340 4128 2665 4195 laetitiam

464 4236 833 4320 mitigando
891 4247 1231 4313 terrorem,
1285 4244 1378 4311 ut,
1429 4235 1729 4300 omnium
1777 4235 2066 4319 peccatis
2111 4244 2230 4299 tua
2275 4234 2665 4299 remissione

462 4339 718 4417 deletiS,
767 4340 952 4424 quod
1004 4337 1471 4404 denuntiatum
1525 4347 1628 4403 est
1680 4339 1745 4402 in
1800 4338 2121 4403 ultionem
2140 4336 2199 4378 ²⁰
2246 4346 2542 4403 transeat
2593 4338 2662 4400 in

459 4442 762 4509 salutem.
852 4443 992 4509 Per.
1022 4470 1064 4527 γ

307 4556 432 4615 568
544 4549 634 4611 In
663 4546 940 4611 Daniele
963 4568 1030 4611 x.

548 4663 998 4748 Omnipotens
1043 4663 1446 4747 sempiterne
1505 4662 1713 4741 Deus,
1773 4682 1925 4747 spes
1984 4662 2178 4725 unica
2234 4660 2486 4740 mundi,
2544 4660 2661 4743 qui
2712 4668 2849 4784 &effi
2874 4668 2986 4799 (ἔί)

459 4768 938 4853 prophetarum
1012 4777 1280 4833 tuorum
1357 4766 1711 4850 praeconio
1776 4765 2223 4850 praesentium
2280 4774 2658 4848 temporum
2712 4799 2843 4848 Mur.
2864 4800 2919 4849 fi,

1501 4879 1550 4930 G
1583 4884 1621 4931 2
2715 4876 2825 4928 ¹50·
