3342 5392
659 434 740 499 72
1227 422 1484 479 LIBER
1525 421 2297 479 SACRAMENTORUM
2698 420 2767 484 [1.
2790 421 2863 472 xl.

1037 606 1228 669 ITEM
1276 616 1450 669 omn
1497 616 1947 668 Exoncle‘rl
1993 602 2511 670 CONFEcT1o⁴⁰.

851 724 998 791 Hoc
1025 724 1152 791 loco
1187 724 1417 789 misces
1445 722 1812 788 bah-amum
1837 745 1983 787 cum
2016 723 2145 789 oleo
2170 735 2241 789 et
2264 724 2555 807 sequitur
2583 721 2690 787 hic

1511 828 1902 893 exorcismus
1917 824 1995 892 ⁴¹.

752 950 1084 1015 Exorcizo
1129 957 1200 1014 te
1243 956 1546 1015 creatura
1591 948 1737 1027 olei,
1782 948 1849 1012 in
1894 949 2161 1014 nomine
2206 948 2336 1013 Dei
2388 947 2605 1013 Patris
2648 947 2862 1011 omni-

664 1054 976 1138 potentis,
1023 1061 1092 1118 et
1137 1053 1204 1117 in
1243 1051 1512 1116 nomine
1557 1038 2007 1145 Ie'susshristi
2054 1052 2205 1116 Filii
2249 1052 2409 1130 eiuS,
2454 1061 2522 1117 et
2574 1050 2862 1137 Spiritus

662 1158 891 1236 sancti,
928 1167 1002 1223 ut
1047 1157 1114 1221 in
1135 1153 1192 1194 ⁴²
1236 1156 1408 1220 hanc
1453 1156 1939 1221 invocationem
1985 1156 2195 1221 trinae
2240 1157 2617 1241 potestatiS,
2660 1165 2863 1240 atque

661 1262 992 1329 virtutem
1065 1260 1377 1339 Deitatis,
1448 1260 1665 1325 omnis
1738 1260 2141 1345 nequissima
2208 1260 2416 1325 virtus
2487 1259 2863 1338 adversarii,

661 1365 881 1432 omnis
935 1366 1301 1429 inveterata
1358 1361 1618 1429 malitia
1673 1362 1943 1471 diaboli,
1994 1364 2211 1429 omnis
2267 1361 2619 1429 violentiae
2642 1360 2700 1401 ⁴³
2748 1383 2862 1427 oc-

660 1470 896 1547 cursio,
939 1488 1141 1533 omne
1184 1466 1528 1533 confusum
1561 1477 1630 1533 et
1673 1488 1941 1533 caecum
1974 1468 2389 1553 phantasma,
2424 1466 2757 1531 eradicare
2794 1475 2865 1531 et

664 1574 954 1657 effugare
997 1582 1066 1637 et
1111 1570 1454 1638 discede⁴⁴
1499 1592 1541 1637 a
1587 1582 1887 1638 creatura
1936 1572 2131 1637 huius
2182 1570 2330 1649 olei,
2375 1570 2462 1636 ad
2505 1570 2861 1635 utilitatem

663 1678 1011 1743 hominum
1068 1677 1466 1741 constituta.
1541 1684 1617 1739 ut
1677 1676 1797 1740 fiat
1860 1675 2025 1741 haec
2056 1645 2310 1740 unctio
2356 1671 2597 1739 divinis¹
2646 1694 2862 1739 sacra-

665 1780 908 1845 mentis
938 1780 1288 1863 purificata
1327 1780 1394 1843 in
1432 1780 1863 1863 adoptionem
1875 1776 1932 1817 ⁴⁶
1972 1780 2184 1845 carnis
2214 1788 2282 1843 et
2320 1779 2597 1863 spiritus
2619 1779 2712 1844 eis
2750 1777 2863 1860 qui

667 1906 756 1949 ex
777 1905 859 1949 eo
883 1881 1226 1968 ungueri⁴⁸
1250 1883 1502 1949 habent
1523 1882 1590 1947 in
1611 1883 2067 1949 remissionem
2090 1882 2389 1949 omnium
2412 1893 2863 1965 peccatorum3

667 1988 990 2053 efficiatur
1019 1988 1086 2051 in
1131 1988 1227 2051 eis
1271 2007 1384 2052 cor
1424 2007 1666 2070 purum
1685 1984 1741 2024 ⁴⁷
1771 1988 1859 2051 ad
1889 2007 2157 2051 omnem
2187 1987 2471 2071 gratiam
2504 1986 2865 2071 spiritalem

666 2091 1173 2158 sanctificatum.
1266 2091 1392 2155 Per
1456 2092 1741 2156 eundem
1808 2092 2029 2156 Iesum
2093 2089 2431 2156 Christum
2496 2090 2863 2155 Dominum

665 2205 989 2271 nostrum,
1051 2195 1163 2278 qui
1219 2204 1530 2259 venturus
1589 2204 1693 2259 est
1750 2194 1817 2259 in
1890 2194 2143 2280 Spiritu
2203 2206 2438 2260 sancto
2498 2194 2787 2259 iudicare
2808 2190 2867 2231 ⁴⁸

665 2300 854 2364 vivos
883 2307 951 2363 et
983 2307 1280 2363 mortuos
1311 2309 1380 2364 et
1409 2297 1747 2363 saeculum
1781 2318 1900 2383 per
1930 2298 2173 2382 ignem.
2264 2299 2391 2363 Per
2421 2298 2807 2364 Dominum.

753 2402 910 2467 VD.
957 2400 1402 2485 Omnipotens
1432 2412 1699 2467 aeterne
1730 2403 1935 2478 Deus,
1960 2404 2073 2486 qui
2107 2402 2567 2484 mysteriorum
2599 2412 2865 2466 tuorum

667 2514 920 2571 secreta
979 2504 1279 2570 revelans
1353 2525 1584 2569 nemus
1649 2526 1768 2571 ore
1826 2506 2179 2571 columbae
2240 2514 2574 2590 gestatum
2598 2504 2653 2544 ⁴⁹
2716 2506 2868 2568 Noe

667 2608 876 2674 oculis
905 2609 1254 2673 ostendisti
1273 2619 1348 2674 ut
1376 2610 1704 2674 discerent
1735 2609 2144 2675 habitatores
2172 2628 2363 2675 arcae
2392 2629 2512 2692 per
2542 2607 2865 2692 Spiritum

670 2724 973 2778 sanctum
1027 2723 1097 2777 et
1149 2712 1362 2778 olivae
1414 2712 1695 2779 chrisma
1750 2715 2003 2780 mundo
2060 2713 2465 2779 liberationis
2514 2712 2795 2795 gloriam
2813 2710 2868 2749 ⁶⁰

672 2836 1174 2882 rever-suram.
1265 2816 1392 2880 Per
1438 2817 1806 2882 Dominum
1863 2826 2183 2895 nostrum,
2234 2817 2455 2881 Iesum
2505 2815 2868 2894 Christum,
2896 2832 3016 2889 558

671 2922 787 3003 qui
815 2930 1132 2985 venturus
1163 2928 1266 2985 est
1295 2920 1584 2986 iudicare
1612 2923 1799 2987 vivos
1831 2932 1899 2987 et
1929 2930 2225 2986 mortuos
2268 2929 2336 2985 et
2379 2920 2715 2985 saeculum
2753 2939 2872 3004 per

671 3026 916 3109 ignem.

759 3128 904 3192 Hoc
951 3136 1168 3192 autem
1226 3129 1480 3210 expleto,
1539 3130 1801 3194 veniens
1818 3126 1871 3167 ⁶¹
1923 3138 2076 3194 ante
2130 3128 2357 3206 altare,
2406 3128 2598 3211 ponis
2642 3128 2715 3194 in
2766 3148 2874 3192 ore

671 3230 890 3297 calicis
939 3230 1018 3295 dc
1068 3232 1211 3312 apsa
1253 3231 1462 3297 hostia
1479 3251 1505 3295 .·
1551 3252 1679 3296 non
1723 3232 1891 3297 dicis
1935 3234 2082 3296 Pax
2130 3232 2425 3310 Domini,
2469 3253 2580 3297 nec
2602 3232 2881 3315 faciunt

661 3348 888 3419 pacem
905 3358 929 3398 .·
979 3333 1095 3400 sed
1130 3336 1632 3413 communicant,
1673 3346 1739 3400 et
1778 3345 2122 3401 reservant
2159 3336 2239 3401 de
2282 3338 2416 3419 apso
2453 3336 2772 3420 sacrificio
2802 3337 2876 3400 in

674 3439 1034 3505 crastinum
1065 3438 1233 3502 unde
1260 3440 1730 3504 communicent
1749 3435 1821 3501 ⁶².

1411 3611 1602 3676 ITEM
1648 3624 1733 3677 ιΝ
1784 3613 2022 3677 FERIA
2064 3626 2132 3677 v.

1365 3732 1590 3798 Missa
1632 3732 1730 3797 ad
1768 3742 2100 3815 vesperum
2116 3730 2188 3797 ³³.

1629 3861 1925 3919 Secreta.

318 3984 627 4047 R.S.(alibi.)
765 3973 1061 4054 Suscipe‚
1109 3991 1528 4053 quaesumuS,
1588 3972 1898 4052 Domine,
1950 3992 2191 4037 munus
2246 3973 2572 4049 oblatum,
2619 3984 2689 4039 et
2732 3974 2878 4056 dig-

319 4052 470 4164 (fieessb
475 4048 578 4178 ⁶⁶5⁸·
679 4085 914 4142 nanter
969 4095 1244 4158 operare
1295 4086 1372 4142 ut
1424 4077 1605 4158 quod
1653 4077 1977 4161 passionis
2030 4078 2348 4160 mysterio
2397 4078 2708 4162 gerimuS,
2753 4080 2883 4163 piis

315 4182 634 4311 ξὲωνϋᾞν
677 4178 1024 4245 affectibus
1039 4177 1094 4216 ⁵⁴
1132 4198 1632 4263 consequamur.
1721 4180 1847 4245 Per
1882 4182 2270 4245 Dominum.

321 4311 484 4361 Leofr.
509 4326 593 4375 94·
767 4299 922 4365 VD.
972 4299 1064 4365 Et
1110 4302 1354 4364 iustum
1396 4310 1516 4365 est.
1606 4300 1734 4365 Per
1764 4300 2105 4366 Christum
2147 4302 2516 4367 Dominum
2562 4312 2883 4369 nostrum.

320 4377 464 4493 {¹222
480 4376 606 4507 ἷξε.
681 4401 903 4485 Quem
949 4402 1017 4467 in
1053 4402 1178 4467 hac
1224 4414 1420 4469 nocte
1465 4404 1634 4468 inter
1659 4424 1881 4470 sacras
1924 4405 2159 4490 epulas
2202 4408 2649 4491 increpantem
2695 4427 2881 4473 mens

682 4504 806 4569 sibi
836 4507 1097 4571 conscia
1127 4508 1461 4571 traditoris
1491 4507 1659 4573 ferre
1693 4528 1829 4572 non
1859 4510 2097 4591 potuit,
2126 4512 2244 4575 sed
2276 4511 2731 4593 apostolorum
2761 4513 2881 4577 de-

682 4609 984 4675 relicto⁶⁵
1015 4612 1350 4675 consortio
1387 4612 1730 4694 sanguinis
1774 4614 2059 4696 pretium
2102 4635 2147 4679 a
2197 4615 2458 4680 Iudaeis
2501 4616 2777 4698 accepit,
2805 4623 2882 4679 ut

681 4714 888 4777 vitam
925 4714 1230 4796 perderet
1261 4734 1464 4797 quam
1496 4716 1831 4782 distraxit.
1908 4716 2234 4785 Coenavit
2270 4720 2470 4804 igitur
2499 4719 2699 4786 hodie
2728 4739 2883 4804 pro-
