3342 5392
472 418 512 469 1.
536 417 654 483 a]
1093 410 1519 469 ROMANAE
1559 408 2045 469 ECCLESJAE.
2586 417 2673 487 23

468 576 778 644 caelestia
823 578 1006 643 dona
1050 576 1464 659 multiplicet,
1509 585 1578 641 et
1621 595 1795 659 quae
1838 574 1981 640 eius
2024 571 2405 656 dignatione
2426 570 2479 611 ¹⁹
2522 592 2667 637 sus·
2714 584 2949 665 Marthae

468 681 718 766 cipiunt
741 678 798 721 ²⁰
871 681 1012 745 eius
1041 678 1094 720 ²¹
1169 686 1587 763 exequantur
1614 676 1667 715 ²²
1740 677 2011 743 auxilia
2146 677 2270 742 Per
2298 672 2355 714 ²²
2427 676 2665 741 Domi·
2715 650 2875 765 &iffi-¹·
2900 668 3013 717 ‘²⁸¹³’

470 804 652 850 num·
702 811 745 866 ⁷
2696 780 3032 913 ‘33:⁵22-

556 920 827 987 Exaudi
847 940 984 999 nos,
1005 920 1192 984 Deus
1221 919 1531 985 salutaris
1547 928 1773 985 noster
1796 917 1870 995 ²⁴,
1902 928 1971 984 et
1999 938 2197 1002 super
2224 917 2348 983 hos
2376 916 2665 981 famulos

468 1032 621 1089 tu‘os
656 1025 1186 1091 benedictionem
1205 1023 1262 1063 ²⁶
1299 1023 1510 1088 sancti
1542 1023 1832 1108 Spiritus
1862 1032 1931 1087 et
1960 1022 2210 1105 gratiae
2237 1020 2665 1086 sacerdotalis

470 1127 737 1194 effunde
753 1127 1084 1208 virtutem,
1109 1138 1183 1193 ut
1200 1148 1368 1211 quos
1385 1137 1543 1192 tuae
1563 1126 1833 1211 pietatis
1855 1124 2233 1210 aspectibus
2250 1122 2304 1163 ²⁶
2328 1124 2667 1190 offerimus

469 1234 949 1298 consecrandos
987 1240 1310 1315 perpetua
1347 1232 1633 1296 muneris
1673 1230 1772 1295 tui
1811 1231 2118 1314 largitate
2155 1229 2573 1313 prosequaris
2589 1228 2663 1293 ²⁷.

471 1335 613 1400 Per.
641 1360 684 1419 γ

1360 1523 1780 1593 ConsecratiO.

558 1645 848 1710 Domine
891 1654 1134 1724 sancte,
1172 1646 1368 1711 Pater
1411 1646 1855 1729 omnipotenS,
1902 1655 2169 1711 aeterne
2211 1646 2418 1723 Deus,
2453 1642 2665 1709 hono-

471 1769 617 1815 rum
641 1746 696 1790 ²⁸
725 1750 1026 1815 omniurn
1056 1749 1453 1833 dignitatum
1496 1771 1668 1834 quae
1709 1749 1830 1814 tibi
1864 1749 2151 1814 militant
2181 1748 2569 1814 distributor
2590 1745 2667 1825 ²⁹,

469 1872 589 1936 per
646 1872 845 1937 quern
866 1851 922 1893 ³⁰
979 1853 1329 1936 proficiunt
1385 1854 1704 1929 universa,
1759 1872 1877 1936 per
1935 1873 2135 1937 quem
2154 1848 2209 1889 ³⁰
2271 1861 2509 1918 cuncta
2556 1848 2669 1915 fir-

471 1965 750 2035 mantur,
801 1954 1221 2039 amplificatis
1278 1977 1540 2038 semper
1596 1957 1664 2021 in
1716 1956 1949 2021 melius
2001 1965 2277 2021 naturae
2328 1954 2667 2021 rationalis

471 2060 889 2125 incrementis
911 2057 963 2100 ³¹
1014 2080 1134 2144 per
1174 2061 1474 2126 ordinem
1519 2080 1813 2143 congrua
1854 2060 2108 2125 ratione
2130 2056 2183 2099 ³²
2221 2060 2663 2143 dispositum:

473 2162 650 2227 unde
667 2163 722 2203 ³³
767 2164 1209 2229 sacerdotales
1227 2162 1282 2203 ³4
1328 2165 1594 2248 graduS,
1638 2175 1709 2229 et
1752 2162 1971 2228 officia
2015 2163 2398 2227 Levitarum
2448 2182 2666 2227 sacra·

472 2265 710 2331 mentis
765 2268 1063 2349 mysticis
1125 2267 1434 2334 instituta
1485 2276 1848 2343 creverunt,
1908 2276 2002 2345 ut,
2050 2286 2257 2350 quum
2320 2263 2667 2349 pontifices

471 2390 769 2435 summos
807 2371 1114 2453 regendis
1153 2372 1418 2455 populis
1451 2371 1898 2455 praefecisseS,
1936 2370 2025 2434 ad
2062 2390 2293 2435 eorum
2334 2370 2667 2435 societatis

471 2482 540 2539 et
580 2474 800 2557 operis
844 2475 1297 2539 adiumentum
1343 2477 1681 2559 sequentis
1722 2474 1973 2540 ordinis
2005 2476 2184 2539 viros
2229 2483 2299 2539 et
2341 2474 2667 2538 secundae

471 2577 814 2662 dignitatis
858 2578 1128 2662 eligeres
1153 2578 1226 2645 ²⁵.
1315 2578 1428 2645 Sic
1467 2580 1534 2645 in
1580 2600 1805 2644 eremo
1847 2599 1966 2663 per
2009 2579 2137 2643 lxx
2176 2579 2463 2642 virorum
2509 2597 2665 2661 pru-

468 2682 770 2745 dentium
819 2691 1075 2747 mentes
1097 2683 1153 2722 ²⁶
1191 2684 1418 2768 Moysi
1463 2684 1769 2769 spiritum
1816 2682 2216 2768 propagasti,
2261 2682 2504 2765 quibus
2555 2681 2668 2745 ille

470 2785 886 2850 adiutoribus
935 2806 1094 2851 usus
1141 2788 1210 2850 in
1259 2787 1512 2871 populo
1557 2788 1934 2853 innumeras
1979 2786 2437 2854 multitudines
2476 2785 2667 2850 facile

471 2889 880 2972 gubernavit.
993 2890 1104 2956 Sic
1153 2900 1220 2957 et
1281 2891 1607 2957 Eleazaro
1659 2903 1729 2957 et
1792 2892 2090 2957 Ithamar
2146 2891 2297 2954 filiis
2352 2890 2591 2955 Aaron
2612 2888 2667 2928 ²⁷

473 3002 788 3078 paternae
831 2994 1262 3077 plenitudinis
1284 2994 1342 3033 ⁸⁸
1383 2995 1860 3061 abundantiam
1903 2994 2335 3072 transfudisti,
2379 3003 2454 3058 ut
2475 2992 2529 3031 ⁸⁹
2578 2994 2666 3058 ad

471 3094 726 3161 hostias
777 3096 1095 3163 salutares
1157 3094 1255 3186 [et
1305 3096 1766 3183 frequentioris
1787 3093 1881 3185 ⁴⁰]
1936 3100 2130 3164 officii
2176 3105 2590 3163 sacramenta
2610 3094 2665 3133 ⁴¹

473 3199 799 3263 sufficeret
829 3202 1137 3266 meritum
1159 3199 1214 3239 ¹²
1242 3202 1683 3268 sacerdotum.
1748 3202 1900 3267 Hac
1930 3202 2345 3285 providentia
2377 3200 2668 3265 Domine

471 3302 796 3385 apostolis
828 3304 976 3367 Filii
1007 3305 1102 3369 tui
1134 3305 1440 3370 doctores
1477 3304 1634 3371 fidei
1655 3304 1713 3343 ⁴³
1743 3306 2022 3370 comites
2061 3304 2398 3381 addidisti,
2427 3304 2669 3388 quibus

474 3404 568 3469 illi
587 3403 642 3443 ⁴⁴
691 3408 920 3472 orbern
973 3417 1197 3473 totum
1241 3409 1545 3474 secundis
1596 3408 2160 3494 praedicatoribus
2207 3408 2667 3493 impleverunt.

474 3508 903 3593 Quapropter
959 3510 1326 3576 infirmitati
1399 3532 1667 3596 quoque
1727 3522 2013 3591 nostrae,
2090 3513 2399 3591 Domine,
2462 3530 2665 3594 quae-

323 3622 448 3681 514
473 3633 701 3679 sumus
719 3610 798 3693 ⁴⁶,
835 3644 860 3671 ι
897 3613 1059 3679 haec
1123 3615 1510 3680 adiumenta
1572 3615 1827 3699 largire,
1886 3618 1999 3699 qui
2063 3626 2319 3700 quanto
2335 3613 2391 3653 ⁴⁶
2455 3616 2667 3699 magis

473 3716 837 3801 fragiliores
866 3738 1094 3783 sumus
1123 3726 1314 3783 tanto
1331 3719 1446 3783 his
1474 3718 1724 3803 plurius
1746 3718 1797 3757 ⁴⁷
1828 3721 2218 3802 indigemus.
2308 3720 2435 3797 Da,
2464 3738 2669 3802 quae-

473 3840 723 3899 sumuS,
753 3821 1176 3904 omnipotens
1211 3822 1423 3901 Pater,
1465 3823 1533 3886 in
1563 3822 1687 3888 hos
1714 3824 1999 3888 famulos
2028 3834 2180 3888 tuos
2195 3820 2248 3861 ⁴⁸
2279 3822 2666 3905 presbyterii

471 3924 916 4007 dignitatem:
975 3925 1218 3990 innova
1269 3926 1336 3989 in
1387 3926 1745 3992 visceribus
1793 3947 2020 3991 eorum
2071 3926 2374 4009 spiritum
2426 3926 2667 3989 sancti-

471 4028 648 4105 tatis,
689 4036 765 4092 ut
788 4026 844 4066 4⁹
885 4038 1230 4111 acceptum
1265 4050 1308 4093 a
1344 4037 1430 4107 te,
1467 4031 1672 4109 DeuS,
1701 4031 2063 4095 secundum
2084 4031 2139 4069 ⁶⁰
2176 4029 2391 4093 meriti
2428 4048 2666 4092 munus

469 4130 819 4199 obtineant
840 4129 908 4209 ⁶¹,
960 4152 1434 4217 censuramque
1493 4154 1752 4199 morum
1811 4134 2129 4217 exemplo
2186 4153 2345 4198 suae
2395 4152 2665 4198 conver-

471 4236 744 4302 sationis
819 4235 1146 4301 insinuent
1162 4235 1233 4299 51.
1368 4236 1518 4302 Sint
1591 4238 1849 4321 providi
1922 4248 2385 4321 cooperatores
2458 4237 2666 4301 nostri

472 4340 720 4405 ordinis
743 4336 844 4419 ⁶²3
889 4338 1106 4406 luceat
1149 4340 1218 4404 in
1262 4340 1358 4405 eis
1376 4339 1433 4377 ⁶³
1462 4342 1664 4407 totius
1710 4342 1925 4407 forma
1960 4342 2262 4421 iustitiae,
2298 4350 2371 4405 ut
2415 4340 2664 4406 bonam

475 4444 802 4510 rationem
856 4444 1362 4529 dispensationis
1410 4444 1535 4509 sibi
1587 4447 1879 4511 creditae
1924 4445 2239 4509 reddituri
2260 4444 2313 4483 ⁶4
2358 4454 2665 4510 aeternae

471 4546 906 4617 beatitudinis
935 4549 1232 4633 praemia
1250 4547 1306 4588 ⁵⁵
1336 4560 1840 4633 consequantur.
1934 4549 2075 4613 Per.
2114 4574 2154 4629 γ
