3342 5392
715 454 841 522 234
1272 443 1526 499 LIBER
1565 441 2345 500 SACRAMENTORUM
2664 442 2785 506 [111.
2810 445 2913 492 xvi.

1278 616 1570 682 lacma-
1605 616 1873 682 CANoN
1912 613 2346 681 Acr1on1s1.

888 736 1164 803 Sursum
1195 739 1399 803 corda
1421 736 1468 800 ².

796 841 990 926 Resp.
1039 843 1392 907 Habemus
1422 842 1508 908 ad
1541 841 1936 905 Dominum.

885 954 1154 1020 Gratias
1185 975 1462 1037 agamus
1493 953 1789 1019 Domino
1822 955 1973 1020 Deo
2002 962 2250 1019 nostro.

795 1059 986 1142 Κεφ.
1032 1058 1330 1142 Dignum
1362 1068 1432 1123 et
1461 1059 1708 1122 iustum
1738 1068 1856 1123 est.

349 1195 410 1244 R.
437 1195 486 1244 s,
796 1168 954 1234 VD.
987 1179 1055 1234 et
1085 1171 1332 1235 iustum
1368 1178 1470 1234 est
1491 1168 1520 1206 ³
1547 1190 1837 1253 aequum
1870 1179 1936 1233 et
1967 1169 2254 1235 salutare
2272 1166 2315 1245 ⁴,
2350 1189 2471 1234 nos
2502 1169 2622 1233 tibi
2656 1191 2919 1253 semper

348 1261 492 1376 ξὲξ
511 1260 684 1377 affic-
711 1283 780 1338 et
811 1274 1056 1356 ubique
1083 1275 1333 1356 gratias
1375 1293 1592 1356 agere,
1630 1274 1923 1338 Domine
1957 1283 2206 1350 sancte,
2241 1274 2435 1338 Pater
2475 1273 2915 1357 omnipotens,

641 1364 655 1377 ⁹
710 1385 975 1441 aeterne
1000 1377 1206 1454 DeuS,
1237 1396 1356 1459 per
1375 1375 1710 1441 Christum
1751 1377 2117 1442 Dominum
2149 1389 2469 1442 nostrum.
2560 1377 2686 1442 Per
2712 1397 2914 1460 quem

713 1481 1130 1546 maiestatem
1189 1491 1375 1545 tuam
1431 1480 1708 1544 laudant
1768 1480 2007 1564 angeli,
2060 1481 2343 1546 adorant
2400 1481 2915 1558 dominationes,

710 1585 1048 1648 tremunt⁵
1092 1592 1477 1667 potestateS,
1517 1583 1683 1648 caeli
1733 1583 2199 1665 caelorumque
2246 1584 2542 1662 virtuteS,
2589 1603 2667 1648 ac
2718 1583 2917 1648 beata

711 1686 1036 1771 Seraphin
1085 1689 1265 1752 socia
1313 1687 1729 1753 exultatione
1778 1686 2288 1752 concelebrant:
2363 1707 2515 1752 cum
2564 1688 2803 1770 quibus
2847 1697 2917 1750 et

711 1803 972 1857 nostras
999 1811 1196 1856 voces
1239 1801 1315 1856 ut
1357 1791 1623 1856 admitti
1668 1791 1897 1856 iubeas
1941 1791 2391 1876 deprecamur,
2435 1790 2717 1876 supplici
2760 1810 2917 1856 con-

708 1895 995 1960 fessione
1041 1896 1376 1960 dicentes:
1445 1894 1750 1972 SanctuS,
1800 1894 2103 1971 Sanctus,
2165 1894 2456 1960 Sanctus
2476 1895 2521 1974 ⁶,
2586 1896 2919 1960 Dominus

604 2043 610 2050 -
715 1999 903 2064 Deus
976 1997 1293 2064 Sabaoth.
1385 1998 1570 2064 Pleni
1638 2008 1791 2064 sunt
1871 1999 2036 2065 caeli
2110 2008 2177 2064 et
2250 2010 2425 2064 terra
2496 1998 2708 2082 gloria
2780 2009 2917 2062 tua.

715 2103 989 2168 Osanna
1061 2102 1130 2166 in
1201 2101 1499 2168 excelsis.
1591 2101 1993 2168 Benedictus
2066 2105 2180 2187 qui
2252 2103 2435 2168 venit
2502 2103 2568 2166 in
2646 2102 2919 2167 nomine

715 2207 1001 2271 Domini.
1092 2205 1364 2273 Osanna
1437 2207 1506 2270 in
1578 2207 1877 2272 excelsis.
1966 2206 2069 2271 Te
2142 2207 2345 2290 igitur
2411 2207 2919 2272 clementissime

715 2310 910 2376 Pater
939 2330 1055 2392 per
1086 2311 1308 2375 Iesum
1341 2307 1683 2375 Christum
1718 2311 1961 2375 Filium
1993 2321 2183 2376 tuum
2217 2311 2585 2376 Dominum
2617 2319 2917 2375 nostrum

711 2414 1044 2498 supplices
1075 2433 1387 2497 rogamus
1417 2425 1484 2479 et
1502 2414 1527 2454 ⁷
1559 2416 1851 2498 petimus
1882 2416 1980 2479 uti
2016 2424 2293 2499 accepta
2327 2414 2577 2480 habeas
2614 2424 2681 2479 et
2718 2417 2919 2479 bene-

711 2524 896 2634 dicas
938 2568 1103 2633 haec
1149 2523 1343 2646 doha,
1387 2567 1551 2633 haec
1605 2524 1899 2647 muhera,
1946 2568 2112 2635 haec
2154 2523 2384 2634 sancta
2428 2567 2749 2634 sacrificia
2793 2521 2917 2632 illi*-

710 2671 876 2736 bata
893 2670 940 2734 ⁸.
1006 2672 1318 2755 Inprimis
1349 2691 1522 2754 quae
1550 2673 1673 2736 tibi
1720 2673 2058 2737 offerimus
2089 2694 2209 2757 pro
2241 2671 2514 2737 ecclesia
2545 2682 2664 2737 tua
2692 2681 2920 2736 sancta

711 2774 1038 2840 catholica
1055 2775 1098 2852 ⁹,
1147 2795 1350 2858 quam
1400 2775 1767 2859 pacificare,
1818 2777 2166 2851 custodire,
2218 2778 2509 2841 adunare
2559 2784 2628 2839 et
2687 2795 2916 2859 regere

714 2879 1001 2962 digneris
1044 2889 1194 2944 toto
1238 2880 1398 2944 orbe
1423 2879 1476 2918 ¹⁰
1519 2889 1860 2959 terrarum,
1904 2899 2039 2944 una
2081 2898 2235 2943 cum
2283 2879 2530 2944 famulo
2574 2888 2696 2943 tuo
2741 2895 2917 2962 papa

715 2991 943 3048 nostro
971 2982 1096 3047 Illo
1125 2991 1194 3052 et
1223 2983 1518 3048 antistite
1561 2993 1790 3048 nostro
1819 2981 1945 3048 Illo
1983 2984 2297 3068 episcopo
2316 2983 2389 3044 11.
2477 2983 2823 3047 Memento
2841 2979 2915 3061 ¹²,

717 3087 1024 3163 Domine,
1087 3085 1484 3151 famulorum
1565 3087 2094 3170 famularumque
2151 3095 2431 3164 tuarum,
2492 3097 2563 3151 et
2620 3087 2917 3151 omnium

712 3191 1389 3270 circumadstantium,
1433 3210 1716 3274 quorum
1764 3192 1889 3256 tibi
1935 3189 2101 3255 fides
2148 3191 2449 3276 cog-nita
2500 3199 2621 3265 est,
2658 3200 2727 3254 et
2758 3199 2917 3256 nota
2944 3209 3070 3267 696

713 3295 1004 3373 devotio,
1053 3295 1167 3377 qui
1227 3294 1350 3358 tibi
1410 3293 1697 3359 offerunt
1748 3294 1878 3359 hoc
1932 3292 2323 3360 sacrificium
2386 3294 2601 3358 laudis
2664 3313 2785 3378 pro
2844 3313 2919 3359 se

709 3398 978 3480 suisque
1022 3398 1346 3474 omnibus,
1379 3418 1503 3481 pro
1549 3398 2009 3482 redemptione
2053 3399 2423 3461 animarum
2470 3418 2760 3476 suarum,
2797 3419 2920 3483 pro

711 3521 832 3585 spe
876 3500 1107 3566 salutis
1157 3511 1229 3566 et
1274 3500 1750 3566 incolumitatis
1792 3521 1952 3566 suae
1971 3499 2046 3578 ¹³,
2088 3500 2211 3565 tibi
2258 3501 2545 3565 reddunt
2594 3511 2755 3568 vota
2798 3522 2921 3566 sua

713 3617 984 3670 aeterno
1018 3608 1167 3672 Deo
1196 3628 1354 3672 vero
1385 3616 1453 3672 et
1475 3608 1644 3672 vivo,
1734 3605 2322 3672 Communicantes
2340 3604 2395 3644 ¹⁴¹
2429 3616 2496 3670 et
2529 3609 2915 3672 memoriam

714 3722 1100 3776 venerantes
1141 3711 1437 3794 inprimis
1475 3712 1807 3796 gloriosae
1848 3730 2244 3793 semperque
2264 3709 2313 3748 ¹⁵
2355 3711 2621 3794 virginis
2664 3711 2918 3777 Mariae

711 3815 1047 3898 genitricis
1094 3815 1221 3880 Dei
1276 3826 1344 3880 et
1392 3815 1670 3880 Domini
1718 3815 1921 3879 nostri
1968 3815 2121 3879 Iesu
2175 3813 2439 3892 Christi,
2484 3816 2601 3879 sed
2646 3825 2715 3880 et
2757 3815 2917 3880 bea-

712 3929 934 3983 torum
959 3919 1012 3957 ¹⁶
1072 3919 1525 4001 apostolorum
1592 3939 1672 3982 ac
1741 3928 2108 4001 martyrum
2182 3927 2448 3983 tuorum
2526 3918 2696 3982 Petri
2771 3928 2840 3982 et
2864 3919 2915 3959 ¹⁷

719 4022 922 4101 Pauli,
939 4023 1275 4102 Andreae,
1312 4023 1557 4102 Iacobi,
1590 4022 1878 4100 Ioanni3‚
1907 4022 2214 4088 Thomae
2239 4022 2308 4101 ¹⁸,
2340 4022 2585 4100 Iacobi,
2611 4019 2919 4106 Philippi,

719 4125 1230 4202 Bartholomaei,
1264 4127 1609 4204 Matthaei,
1641 4126 1936 4192 Simonis
1966 4136 2033 4191 et
2066 4126 2430 4204 Thaddaei‚
2464 4125 2632 4202 Lini,
2663 4124 2834 4191 Cleti
2847 4126 2918 4206 ¹⁹,

718 4230 1105 4310 ClementiS,
1137 4231 1338 4313 Xysti
1360 4227 1432 4307 ²⁰,
1479 4230 1787 4309 Cornelii,
1830 4229 2168 4315 Cypriani,
2222 4230 2579 4306 Laurentii,
2628 4228 2920 4312 Chryso-

717 4335 892 4420 goni,
961 4334 1230 4412 Ioannis
1295 4344 1362 4398 et
1429 4334 1634 4410 Pauli,
1690 4335 1977 4400 Cosmae
2035 4345 2101 4399 et
2162 4334 2495 4410 Damiani,
2560 4329 2916 4422 [Dionysii‚

722 4435 1033 4525 Rustici],
1053 4448 1120 4502 et
1147 4437 1534 4515 Eleutherii,
1563 4434 1853 4525 [Hilarii,
1879 4439 2170 4516 Martini,
2190 4438 2568 4520 Augustini,
2594 4437 2915 4520 Gregorii,

723 4543 1143 4625 Hieronymi,
1190 4537 1558 4628 Benedicti]
1586 4541 1635 4578 ²¹
1684 4552 1751 4606 et
1795 4543 2091 4606 omnium
2139 4552 2512 4607 sanctorum
2556 4551 2823 4606 tuorum
2844 4539 2915 4615 ²²,

721 4666 1000 4728 quorum
1049 4645 1297 4710 meritis
1337 4645 1771 4728 precibusque
1817 4647 2137 4711 concedas
2181 4655 2253 4709 ut
2300 4647 2365 4708 in
2410 4645 2718 4710 omnibus
2762 4665 2919 4729 pro-

723 4750 1028 4814 tectionis
1088 4760 1244 4815 tuae
1305 4751 1679 4814 muniamur
1738 4750 1990 4814 auxilio
2017 4748 2085 4816 ²³.
2180 4752 2304 4816 Per
2364 4749 2701 4814 Christum
2774 4749 2917 4812 Do-
