3342 5392
403 450 444 500 1.
467 445 576 513 cn]
1022 443 1447 502 ROMANAE
1489 443 1979 501 ECCLESIAE.
2472 449 2593 519 155

402 610 572 677 dotii
603 608 798 673 nobis
826 616 1129 692 tempora
1164 608 1479 691 dignatus
1519 630 1590 673 es
1619 608 1873 673 donare
1910 607 2283 691 praecipua.
2371 605 2595 690 Quam

402 714 829 780 oblationem.

1241 805 1741 863 Postoommun.

492 921 694 1000 Deus,
752 919 868 1004 qui
925 939 1050 984 nos
1107 919 1534 984 sacramentis
1592 920 1725 984 tuis
1784 939 2051 1002 pascere
2108 939 2241 983 non
2314 917 2593 996 desistis,
2646 931 2799 982 Leon.
2821 933 2934 996 428.

404 1025 642 1103 tribue,
685 1043 1106 1106 quaesumuS,
1151 1031 1226 1086 ut
1270 1043 1496 1087 eorum
1543 1023 1733 1088 nobis
1777 1021 2031 1088 indulta
2078 1020 2346 1087 refectio
2388 1021 2595 1086 vitam
2677 1013 2693 1028 '

405 1129 699 1195 conferat
727 1127 1215 1211 sempiternam.
1308 1127 1448 1192 Per.

469 1306 488 1336 ¹
519 1307 684 1372 eisquc
711 1321 798 1354 nos
831 1305 1072 1355 similiter
1103 1304 1353 1370 dilzkendi
1382 1304 1626 1370 spiritum
1656 1305 1809 1354 Leon.
1844 1305 2099 1370 (omitting
2128 1303 2415 1366 sanctum);
2450 1303 2512 1354 V.
2540 1320 2595 1354 as

404 1378 524 1422 text.
735 1369 756 1398 ²
787 1371 898 1421 The
936 1370 1117 1421 collect
1153 1372 1204 1420 in
1241 1371 1326 1421 the
1363 1377 1468 1420 text
1507 1371 1659 1421 forms
1700 1371 1786 1421 the
1823 1369 1927 1420 first
2030 1379 2077 1422 rt
2114 1371 2173 1419 of
2203 1371 2311 1420 that
2349 1369 2401 1418 in
2440 1370 2593 1420 leon.

402 1437 422 1468 ⁸
445 1437 586 1501 plebi
603 1437 666 1486 V.
875 1435 895 1465 ¹
925 1436 1037 1486 The
1075 1437 1240 1486 words
1276 1438 1327 1486 in
1365 1437 1595 1486 brackets
1632 1452 1717 1486 are
1754 1443 1845 1485 not
1883 1435 1932 1484 in
2018 1473 2049 1497 .,
2085 1437 2172 1486 but
2208 1436 2324 1497 this,
2364 1452 2421 1485 or
2456 1451 2595 1486 some

405 1503 687 1568 equivalent
711 1501 852 1565 form,
879 1502 924 1552 is
943 1502 1169 1568 required
1191 1500 1272 1552 for
1293 1503 1378 1553 the
1399 1501 1705 1568 completion
1727 1501 1787 1552 of
1803 1501 1889 1551 the
1911 1501 2089 1552 clause.

1427 1881 1576 1938 011.

816 2012 1008 2075 ITEM
1057 2009 1292 2075 MISSA
1337 2024 1476 2074 PRO
1520 2023 1700 2075 Amo
1744 2023 2191 2076 SACERDOTE.

497 2151 696 2228 DeuS,
727 2148 839 2232 qui
877 2149 1132 2214 dierum
1164 2156 1538 2213 nostrorum
1571 2168 1897 2226 numeroS,
1930 2167 2401 2232 mensurasque
2427 2157 2595 2214 tem·
2648 2155 2801 2205 Leon.
2824 2156 2939 2218 4²8·

407 2273 644 2335 porum
662 2251 686 2291 ¹
727 2252 1091 2318 maiestatis
1136 2261 1291 2317 tuae
1326 2259 1658 2335 potestate
1703 2252 2059 2334 dispensae,
2087 2251 2176 2316 ad
2208 2251 2597 2316 humilitatis

410 2365 674 2421 nostrae
703 2355 1029 2440 propitius
1047 2352 1074 2390 ²
1103 2355 1352 2438 respice
1381 2355 1789 2435 servitutem,
1818 2364 1887 2419 et
1910 2355 1937 2394 ³
1976 2365 2132 2420 tuae
2170 2355 2354 2437 pacis
2391 2355 2599 2419 abun-

408 2460 635 2524 dantia
664 2468 968 2543 tempora
989 2469 1214 2524 nostra
1242 2468 1310 2522 et
1338 2458 1629 2541 episcopi
1658 2459 1867 2523 nostri
1896 2466 2013 2522 tua
2040 2458 2253 2542 gratia
2280 2459 2599 2542 benignus

405 2564 752 2630 accumula
768 2561 814 2630 4.
906 2563 1048 2627 Per.

1357 2657 1650 2714 Secreta.

496 2771 802 2853 Respice,
854 2789 1270 2854 quaesumus,
1317 2769 1624 2848 Domine,
1677 2779 1973 2834 nostram
2027 2769 2349 2853 propitius
2396 2771 2597 2835 servi-
2650 2781 2799 2831 Leon.
2824 2781 2937 2844 448.

406 2884 621 2939 tutem
647 2897 664 2954 ς
707 2884 776 2939 et
804 2873 969 2938 haec
998 2873 1248 2938 oblatio
1278 2882 1506 2938 nostra
1533 2874 1620 2938 sit
1639 2871 1664 2910 ⁵
1693 2874 1818 2938 tibi
1850 2894 2089 2937 munus
2118 2884 2483 2958 acceptum,
2516 2875 2601 2938 sit

407 2977 779 3064 fragilitatis
806 2987 1068 3044 nostrae
1095 2977 1460 3043 subsidium
1491 2977 1981 3060 sempiternum.
2072 2977 2196 3041 Per
2212 2977 2257 3042 ⁶.
2302 3005 2343 3060 γ

1203 3171 1395 3230 Intra
1435 3172 1796 3230 sotionem.

498 3287 695 3353 Hanc
724 3287 920 3372 igitur
948 3287 1354 3351 oblationem
1386 3285 1616 3350 famuli
1645 3287 1744 3350 tui
1781 3293 1849 3350 et
1888 3285 2203 3351 antistitis
2243 3285 2339 3350 tui
2378 3284 2595 3361 Illius,

405 3411 606 3475 quam
654 3393 775 3456 tibi
822 3391 1016 3455 offert
1063 3392 1154 3454 ob
1202 3390 1624 3455 devotionem
1673 3389 1915 3456 mentis
1960 3410 2135 3469 suae,
2182 3409 2600 3473 quaesumus,

408 3496 717 3574 Domine,
775 3496 1079 3579 placatus
1150 3493 1449 3576 accipias,
1512 3503 1761 3575 tuaque
1831 3495 1900 3557 in
1974 3515 2056 3558 eo
2130 3513 2402 3558 munera
2458 3494 2602 3576 ipse

407 3601 783 3680 custodias;
829 3599 1165 3680 donesque
1210 3598 1270 3661 ei
1323 3617 1640 3662 annorum
1690 3599 1925 3683 spatia,
1966 3607 2041 3661 ut
2084 3597 2399 3662 ecclesiae
2444 3607 2601 3662 tuae

409 3702 680 3768 feliciter
745 3702 1197 3785 praesidendO,
1243 3709 1313 3766 te
1361 3702 1586 3767 omnia
1647 3703 1715 3766 in
1770 3702 2079 3766 omnibus
2126 3710 2459 3785 operante,
2506 3701 2603 3768 sic

408 3816 634 3872 utatur
662 3805 1052 3889 temporalia
1073 3803 1098 3842 ⁷
1129 3814 1205 3869 ut
1234 3806 1529 3889 praemia
1569 3814 1899 3869 mereatur
1932 3814 2219 3869 aeterna.
2307 3804 2601 3887 Diesque

407 3921 686 3977 nostros.

261 4015 382 4073 629
1248 4004 1750 4062 Postoommun.

500 4119 624 4198 Da,
643 4137 1060 4202 quaesumus,
1085 4117 1390 4193 Domine,
1412 4126 1486 4181 ut
1509 4117 1677 4182 tanti
1699 4115 1993 4198 mysterii
2016 4136 2252 4180 munus
2276 4114 2601 4180 indultum
2652 4127 2804 4176 xxviii

409 4243 542 4288 non
573 4221 1057 4302 condemnatiO,
1090 4221 1209 4286 sed
1239 4222 1328 4285 sit
1357 4221 1682 4285 medicina
1710 4221 2139 4285 sumentibus.
2230 4220 2368 4284 Per.
2648 4199 2823 4257 supra.

474 4402 494 4431 ²
525 4408 895 4468 temporumque
927 4415 1187 4451 mensuras
1218 4401 1370 4451 Leon.
1632 4401 1654 4430 ²
1676 4401 1935 4465 propitius
1963 4400 2035 4449 ad
2062 4399 2373 4449 humilitatis
2406 4407 2601 4448 nostrae

409 4467 564 4518 Leon.
774 4467 796 4497 ⁸
828 4474 888 4516 ut
909 4467 1062 4517 Leon.
1275 4464 1295 4494 ⁴
1330 4471 1548 4530 tempora
1571 4472 1745 4516 nostra
1765 4466 2091 4514 cumulentur
2110 4465 2264 4514 Leon.
2482 4463 2503 4493 ⁵
2540 4471 2602 4513 ut

410 4533 545 4626 quod
556 4532 811 4598 offerimus
831 4532 901 4582 sit
920 4532 1074 4582 Leon.
1318 4532 1339 4562 ⁸
1369 4531 1438 4580 sit
1459 4539 1657 4583 nostrae
1659 4531 1957 4596 fragilitati
1974 4530 2271 4580 subsuium.
2306 4530 2422 4579 Per.
2445 4529 2598 4579 Leon.

462 4598 768 4663 temporalia,
791 4615 848 4649 so
869 4597 934 4648 V.
956 4595 1438 4662 ungrammatimlly.
