3342 5392
1305 458 1361 512 Α
1367 455 1532 511 PPE
1536 455 1696 511 NDI
1691 455 1755 510 X
1753 498 1769 513 .

1085 618 1203 704 [Id.
1234 623 1392 699 Aug.
1420 617 1566 682 Nat.
1596 619 1657 681 S.
1690 619 1999 696 H'ae'ppolyti.

647 739 708 799 S.
752 737 1056 818 Hippolyti
1097 740 1360 814 martyris
1401 734 1555 797 Dne.
1597 755 1656 815 q.
1699 733 2029 795 veneranda

651 837 900 916 Respice
942 836 1093 898 Dne.
1135 854 1378 896 munera
1415 835 1618 914 populi
1661 837 1745 896 tui

609 935 778 997 *VD.
821 934 942 1009 Qui
983 953 1108 995 non
1149 934 1340 994 solum
1382 934 1552 994 malis
1591 936 1813 996 nostris

647 1035 1154 1094 Sacramentorum
1194 1043 1428 1092 tuorum
1470 1031 1619 1092 Dne.
1665 1029 2037 1116 communio]

1110 1172 1290 1233 Heba.
1317 1173 1446 1232 xiii
1457 1179 1586 1249 post
1599 1171 1966 1232 Pentecosten.

649 1285 726 1346 O.
769 1302 818 1345 s.
858 1284 935 1344 D.
979 1284 1080 1363 qui
1121 1283 1479 1345 abundantia
1517 1283 1745 1362 pietatis

650 1383 725 1444 O.
771 1401 820 1444 s.
859 1381 937 1443 D.
977 1402 1015 1442 a
1055 1400 1175 1461 quo
1217 1383 1344 1443 sola
1380 1380 1515 1463 (sic)
1555 1391 1760 1444 sancta
1801 1381 2086 1444 desideria

649 1481 898 1560 Respice
940 1480 1090 1541 Dne.
1128 1501 1188 1560 q.
1231 1492 1489 1541 nostram
1531 1480 1818 1558 propitius

647 1579 784 1640 VD.
823 1580 946 1654 Qui
988 1598 1098 1641 nos
1138 1579 1479 1658 castigando
1519 1597 1697 1640 sanas

651 1677 980 1740 Sentiamus
1022 1677 1176 1738 Dne.
1218 1696 1277 1757 q.
1316 1678 1401 1738 tui
1442 1676 1813 1755 perceptione

941 1815 1095 1902 [xix
1121 1817 1263 1876 Kal.
1292 1815 1437 1894 Sept.
1464 1818 1612 1879 Nat.
1643 1815 1709 1878 S.
1739 1816 1981 1877 Eusebt‘i
2001 1815 2135 1877 Sac.

648 1933 725 1993 D.
767 1933 868 2012 qui
909 1951 1022 1994 nos
1063 1934 1218 1993 beati
1257 1932 1499 1992 Eusebii

649 2029 868 2092 Laudis
907 2041 1040 2092 tuae
1079 2029 1230 2091 Dne.
1272 2030 1492 2092 hostias
1532 2029 1904 2091 immolamus

615 2129 711 2190 *S.
751 2129 988 2190 Eusebii
1031 2130 1288 2190 natalitia
1327 2125 1715 2210 celebrantes]

1057 2265 1224 2352 [Item
1253 2271 1372 2347 ipso
1398 2271 1484 2328 die
1524 2268 1646 2346 Vig.
1678 2267 1743 2330 S.
1771 2267 2025 2329 Mariae.

659 2385 910 2446 Sanctae
951 2384 1178 2445 Mariae
1219 2402 1450 2462 semper
1489 2383 1725 2462 virginis

654 2482 897 2562 Suscipe
938 2482 1091 2543 Dne.
1132 2482 1478 2543 sacrificium
1519 2481 1867 2558 placationis

655 2581 980 2642 *Adiuvent
1021 2597 1130 2641 nos
1170 2598 1230 2659 q.
1273 2580 1423 2640 Dne.
1464 2581 1611 2640 haec
1651 2574 1951 2660 mysteria]

891 2723 1058 2782 xviii
1075 2718 1218 2781 Kal.
1246 2718 1394 2798 Sqot.
1423 2718 1750 2797 Assumptio
1776 2719 1841 2780 S.
1870 2717 2123 2780 Mariae.

654 2835 935 2898 Concede
977 2837 1148 2896 nobis
1189 2853 1248 2915 q.
1287 2853 1347 2896 o.
1388 2833 1466 2894 D.
1506 2835 1582 2894 ad
1621 2836 1679 2894 b.
1723 2833 1949 2896 Mariae

654 2932 1004 2995 Veneranda
1045 2935 1216 2994 nobis
1257 2933 1408 2993 Dne.
1449 2933 1619 2992 huius
1660 2943 1751 2994 est

653 3031 1000 3093 Intercessio
1038 3051 1098 3110 q.
1140 3030 1298 3092 Dne.
1340 3032 1544 3091 beatae
1587 3030 1814 3091 Mariae

654 3128 788 3189 VD.
835 3128 965 3189 Nos
997 3139 1052 3190 te
1093 3129 1155 3187 in
1195 3129 1310 3189 tuis

619 3225 904 3287 *Caelesti
948 3243 1191 3286 munere
1232 3225 1421 3286 satiati
1449 3223 1522 3306 (ἲ)
1564 3244 1620 3285 ο.
1661 3223 1739 3286 D.
1782 3235 1884 3286 tua
1924 3243 2037 3286 nos

620 3323 732 3386 *0.
772 3343 821 3384 s.
862 3323 938 3384 D.
980 3321 1084 3403 qui
1126 3324 1370 3384 terrenis
1411 3323 1761 3401 corporibus

983 3460 1134 3547 [xvi
1165 3461 1308 3524 Kal.
1350 3462 1500 3542 Sept.
1529 3463 1668 3524 Oct.
1712 3462 1781 3526 S.
1821 3461 2143 3526 Laurentii.

622 3574 728 3635 *B.
770 3575 1079 3635 Laurentii
1119 3593 1231 3636 nos
1270 3575 1444 3635 faciat
1485 3573 1638 3635 Dne.
1678 3576 1880 3653 passio

656 3675 875 3735 Iterata
915 3673 1226 3734 festivitate
1267 3673 1324 3732 b.
1365 3672 1662 3733 Laurentii

658 3770 728 3833 B.
771 3771 1067 3832 Laurentii
1107 3771 1372 3849 martyris
1410 3771 1821 3832 honorabilem

622 3869 790 3929 ΛΠ).
833 3869 902 3928 Β.
943 3869 1238 3930 Laurentii
1277 3869 1536 3929 natalitia
1575 3880 1905 3948 repetentes

661 3969 950 4032 Solemnis
990 3970 1163 4029 nobis
1203 3964 1566 4050 intercessio]

1014 4101 1130 4187 [xv
1169 4102 1314 4164 Kal.
1357 4102 1504 4182 Sept.
1547 4103 1694 4169 Nat.
1734 4104 1799 4167 S.
1839 4103 2099 4185 Agapt'ti.

661 4217 862 4280 Sancti
901 4220 1172 4297 martyris
1210 4218 1455 4299 Agapiti
1491 4221 1697 4282 merita

661 4318 906 4396 Suscipe
943 4316 1098 4378 Dne.
1139 4336 1386 4379 munera
1425 4335 1576 4397 quae
1615 4319 1679 4378 in
1720 4321 1844 4380 eius

662 4417 936 4495 Protegat
977 4435 1038 4495 q.
1076 4415 1230 4476 Dne.
1271 4417 1559 4496 populum
1597 4428 1765 4478 tuum
1805 4427 1865 4479 et
1902 4413 2296 4499 participatio]

1007 4549 1147 4634 [xiv
1188 4550 1332 4614 Kal.
1374 4550 1524 4631 Sept.
1566 4552 1713 4615 Nat.
1755 4551 1821 4614 S.
1862 4549 2101 4632 Magne:

662 4667 887 4730 Adesto
930 4667 1084 4728 Dne.
1129 4667 1652 4747 supplicationibus
1694 4669 1909 4730 nostris
1949 4678 2008 4730 et
2048 4649 2438 4730 intercedente

659 4767 898 4830 Praesta
937 4767 1110 4828 nobis
1151 4785 1210 4845 q.
1252 4785 1312 4828 o.
1353 4765 1430 4826 D.
1473 4776 1536 4826 ut
1577 4777 1820 4828 nostrae

1497 4881 1618 4930 Aa

2513 455 2639 531 353

2692 623 2847 675 Gerb.

2691 705 2742 756 p.
2774 688 2881 753 163.

2698 1179 2853 1229 Gerb.

2698 1261 2751 1310 p.
2780 1243 2889 1308 164.

2700 1823 2860 1875 Gerb.

2702 1905 2755 1954 p.
2785 1888 2893 1952 164.

2703 2282 2860 2335 Gerb.

2705 2365 2757 2415 p.
2786 2349 2898 2413 165.

2704 2730 2975 2862 5⁶35ae-

2706 3476 2861 3527 Gerb.
2885 3494 2973 3543 pp.

2713 3543 2821 3606 166,
2844 3543 2953 3606 167.

2707 4125 2861 4176 Gerb.

2707 4207 2760 4256 p.
2790 4190 2903 4256 167.

2708 4567 2863 4619 Gerb.
2872 4583 2976 4682 1pp.

2713 4633 2826 4699 167,
2845 4646 2865 4683 1
2907 4635 2955 4682 8.
