3342 5392
365 3444 424 3492 R.
449 3442 500 3493 S.

365 3509 514 3558 Gerb.
543 3520 654 3571 ²²5·

381 4625 532 4674 Leon.
558 4638 669 4688 403.

697 430 822 478 210
1253 417 1510 474 LIBER
1553 417 2323 474 SACRAMENTORUM
2602 420 2695 484 [11.
2722 421 2881 472 lxxiv.

785 583 1069 660 Adesto,
1115 583 1422 662 Domine,
1457 581 1707 666 populo
1736 593 1877 660 tuo,
1910 603 2061 648 cum
2108 593 2485 649 sanctorum
2532 583 2899 665 patrocinio

601 693 628 770 ζ
701 687 1102 770 supplicanti
1131 708 1145 764 ;
1190 696 1265 751 ut
1291 689 1474 770 quod
1519 687 1791 770 propria
1818 687 2060 752 fiducia
2090 707 2223 751 non
2256 689 2634 770 praesumit,
2664 686 2897 752 suffra-

624 823 638 838 ·
702 791 1008 876 gantium
1051 791 1301 856 meritis
1329 801 1766 876 consequatur
1787 791 1833 854 ³.
1925 792 2049 856 Per
2080 793 2465 856 Dominum.

615 889 631 916 2

1657 954 1948 1010 Secreta.

792 1063 1132 1132 Salutari⁴
1175 1064 1513 1142 sacrificio,
1565 1065 1877 1144 Domine,
1925 1065 2210 1149 populus
2264 1075 2418 1131 tuus
2471 1084 2731 1147 semper
2782 1085 2902 1127 ex-

591 1154 638 1259 ⁷:
703 1169 893 1249 ultet,
923 1189 1057 1253 quo
1081 1169 1106 1207 ⁵
1137 1179 1204 1234 et
1234 1167 1502 1234 debitus
1523 1167 1550 1206 ⁰
1587 1169 1804 1233 honor
1849 1170 2049 1234 sacris
2094 1169 2498 1253 martyribus
2526 1169 2902 1240 exhibetur,

623 1310 636 1324 ·
703 1284 774 1340 et
803 1273 1344 1338 sanctificationis
1374 1283 1529 1337 tuae
1558 1293 1798 1337 munus
1828 1274 2206 1356 acquiritur.
2299 1274 2437 1337 Per.

1555 1435 2055 1491 Postcommun.

795 1549 888 1612 Et
934 1547 1252 1612 natalitiis
1295 1558 1695 1624 sanctorum,
1729 1548 2038 1626 Domine,
2069 1557 2137 1610 et
2167 1545 2601 1611 sacramenti⁷
2634 1565 2905 1608 munere

621 1659 636 1672 “
705 1652 1015 1734 vegetati,
1059 1671 1476 1734 quaesumus,
1525 1663 1602 1717 ut
1644 1652 1858 1728 boniS,
1902 1652 2140 1735 quibus
2187 1671 2303 1735 per
2346 1647 2576 1716 tuam⁸
2620 1651 2905 1734 gratiam

626 1790 638 1803 ·
709 1777 886 1820 nunc
916 1755 1238 1834 fovemur,
1268 1753 1681 1839 perfruamur
1707 1757 2005 1820 aeternis.
2095 1754 2238 1820 Per.

777 1911 794 1939 ¹
827 1909 994 1958 Three
1014 1910 1075 1958 of
1089 1907 1174 1958 the
1198 1908 1308 1958 four
1329 1923 1528 1972 prayers
1554 1908 1613 1958 of
1632 1908 1735 1958 this
1764 1909 1927 1958 Missa
1958 1923 2145 1972 appear
2173 1907 2402 1971 together
2430 1905 2480 1956 in
2514 1906 2565 1956 S.
2590 1907 2727 1956 Men.
2796 1903 2907 1954 The

713 1974 816 2025 first
838 1974 1018 2025 collect
1038 1975 1130 2024 has
1151 1974 1237 2024 the
1259 1989 1394 2023 same
1423 1975 1644 2037 position
1667 1975 1719 2022 in
1741 1973 1805 2022 R.
1830 1973 1882 2022 S.
1912 1976 1949 2034 (⁸
1968 1974 2027 2022 in
2052 1975 2174 2022 Nat.
2188 1975 2331 2038 plur.
2356 1971 2690 2030 sanctorum’)
2723 1969 2821 2019 and
2854 1971 2907 2020 in

710 2041 849 2091 Men.
893 2042 931 2104 (‘
951 2041 1009 2089 in
1049 2041 1173 2090 Nat.
1209 2040 1353 2104 plur.
1395 2038 1791 2104 confessorum’).
1860 2038 1971 2088 The
2014 2039 2195 2088 second
2238 2053 2453 2102 appears
2490 2038 2542 2086 in
2587 2038 2639 2088 S.
2678 2036 2815 2086 Men.
2855 2036 2908 2085 in

711 2105 1024 2169 conjunction
1059 2105 1182 2154 with
1215 2105 1300 2155 the
1331 2103 1450 2166 first,
1485 2105 1632 2168 being
1667 2120 1762 2154 one
1798 2103 1856 2153 of
1882 2105 1967 2154 the
2000 2106 2015 2132 ‘
2032 2103 2165 2154 alias
2196 2101 2467 2153 orationes’
2500 2103 2552 2151 in
2586 2102 2656 2161 S.,
2690 2101 2787 2151 and
2822 2101 2909 2150 the

715 2175 894 2236 ‘super
913 2168 1194 2235 Populum'
1217 2171 1268 2220 in
1291 2171 1428 2220 Men.
1495 2170 1622 2220 This
1643 2169 1739 2220 last
1762 2170 1803 2218 is
1831 2169 1940 2219 also
1970 2171 2035 2219 its
2100 2169 2279 2219 osition
2312 2169 2365 2218 in
2394 2168 2478 2218 the
2504 2175 2609 2217 two
2640 2167 2829 2218 Missae
2856 2165 2911 2215 in

713 2236 877 2286 which
899 2237 940 2286 it
963 2251 1172 2312 appears
1192 2235 1244 2284 in
1267 2236 1422 2285 Leon.
1479 2236 1539 2285 In
1563 2235 1727 2285 Leofr.
1752 2235 1835 2285 the
1856 2243 1959 2284 two
1982 2185 2203 2286 Cofiects
2226 2249 2411 2312 appear
2432 2249 2489 2282 as
2510 2233 2593 2282 the
2613 2233 2835 2282 Collects
2856 2231 2918 2281 of

715 2317 748 2352 a
769 2302 933 2350 Missa
956 2305 970 2328 ‘
986 2318 1045 2350 m
1067 2303 1192 2350 Nat.
1207 2301 1352 2366 plur.
1377 2297 1695 2351 sanctorum!
1762 2300 1873 2351 The
1906 2301 2344 2350 Postcommumon
2372 2301 2417 2349 is
2442 2298 2493 2347 in
2516 2298 2579 2348 R.
2603 2299 2654 2348 S.
2674 2299 2832 2356 Men„
2856 2298 2911 2346 in

715 2367 839 2418 each
873 2383 986 2416 case
1016 2367 1066 2415 in
1101 2367 1186 2415 the
1219 2382 1356 2416 same
1389 2367 1552 2416 Missa
1585 2365 1751 2416 which
1784 2367 2007 2416 contains
2042 2367 2127 2416 the
2160 2365 2263 2415 first
2296 2365 2510 2416 Collect.
2578 2364 2638 2413 In
2662 2364 2722 2412 R.
2748 2363 2801 2412 S.
2823 2363 2911 2412 the

718 2433 882 2482 Secret
915 2447 1122 2496 appears
1143 2435 1157 2459 ‘
1173 2431 1231 2480 in
1263 2433 1386 2480 Nat.
1411 2433 1562 2481 Plur.
1586 2430 1919 2495 stlartyrmn:
1954 2431 2103 2481 while
2134 2431 2184 2479 in
2212 2431 2377 2480 Leofr.
2412 2431 2451 2478 it
2483 2429 2527 2478 is
2556 2444 2623 2493 ap
2660 2427 2913 2492 ropriated

717 2505 773 2546 to
811 2496 897 2548 the
937 2497 1155 2546 Festival
1191 2497 1252 2545 of
1282 2497 1370 2548 SS.
1412 2498 1701 2560 Dionysius,
1742 2498 1990 2557 Rusticus,
2032 2497 2131 2546 and
2168 2495 2497 2556 Eleutherius,
2538 2511 2601 2543 an
2670 2495 2719 2542 in
2755 2493 2908 2544 Leon.

719 2561 1059 2628 (apparently)
1085 2571 1138 2611 to
1170 2561 1278 2612 that
1309 2563 1369 2612 of
1394 2561 1481 2612 SS.
1515 2563 1658 2612 Felix
1686 2562 1785 2611 and
1820 2561 2093 2612 Adauctus.
2161 2561 2371 2611 Gerbert
2398 2561 2565 2610 marks
2598 2560 2637 2608 it
2671 2574 2727 2608 as
2760 2559 2912 2621 being

719 2629 980 2678 contained
1004 2627 1056 2676 in
1079 2628 1213 2678 Men.
1426 2627 1446 2657 ²
1477 2627 1727 2693 suffragia
1750 2627 1820 2677 8².
2030 2627 2049 2656 ⁸
2080 2641 2440 2691 consequamur
2462 2627 2524 2677 V.
2548 2625 2823 2690 (corrected
2846 2624 2879 2674 b

719 2693 1036 2754 Tommasi);
1086 2693 1138 2742 S.
1177 2691 1351 2753 Gerb.‚
1390 2696 1486 2744 διο.
1527 2709 1583 2742 as
1621 2701 1745 2743 text.
1980 2691 2001 2721 ⁸
2030 2693 2289 2742 Salutaris
2330 2693 2391 2740 V.
2630 2691 2651 2720 ⁶
2682 2689 2816 2754 quod
2898 2725 2911 2738 .

719 2756 740 2787 ⁸
771 2759 946 2808 debitis
967 2758 1037 2808 S¹.
1230 2757 1249 2786 ²
1281 2767 1594 2808 sacramenta
1616 2758 1713 2818 V.;
1746 2757 2049 2807 sacramenti
2067 2757 2153 2807 tui
2172 2755 2245 2806 8¹.
2442 2755 2463 2782 ⁸
2484 2761 2786 2820 perpetuum
2810 2753 2914 2818 (for

713 2832 811 2888 per
830 2824 993 2885 tuam)
1019 2823 1080 2872 R.
1105 2825 1378 2886 (corrected
1403 2826 1468 2888 by
1491 2825 1742 2887 Gerbert).

1665 3163 1979 3219 Lxxlv.

1467 3293 1659 3356 ITEM
1708 3308 1887 3357 ALIA
1933 3294 2181 3358 MISSA.

818 3430 1047 3496 Sancti
1101 3430 1217 3508 tui,
1269 3451 1689 3513 quaesumuS,
1739 3432 2049 3507 Domine,
2102 3433 2339 3517 iugiter
2386 3432 2576 3496 nobis
2637 3453 2677 3495 a
2728 3441 2795 3495 te
2854 3441 2924 3495 et

725 3535 986 3598 veniam
1025 3533 1365 3618 postulent
1395 3545 1462 3600 et
1493 3537 1863 3618 profectum
1888 3535 1931 3599 ¹.
2024 3537 2161 3602 Per.

815 3656 1049 3730 ·Deus,
1081 3654 1194 3737 qui
1227 3675 1349 3720 nos
1379 3666 1448 3721 et
1477 3665 1861 3721 sanctorum
1895 3668 2258 3740 martyrum
2290 3657 2820 3722 solemnitatibus
2850 3665 2919 3722 et
2950 3668 3077 3723 678

728 3760 1173 3824 confessorum
1231 3759 1447 3842 gloria
1489 3760 1861 3825 circumdas
1921 3771 1989 3826 et
2050 3763 2365 3845 protegis,
2412 3771 2675 3844 praesta
2728 3762 2919 3825 nobis

725 3882 955 3926 eorum
1015 3883 1276 3946 semper
1334 3873 1402 3927 ct
1475 3863 1847 3928 imitatione
1920 3864 2260 3948 proficere
2310 3874 2380 3930 et
2452 3863 2921 3930 emundatione

729 3964 998 4048 fulgere.
1092 3966 1231 4029 Per.
1676 4028 1971 4085 secreta·

825 4137 1014 4201 Haec
1045 4135 1276 4213 hostia,
1311 4137 1617 4214 Domine,
1649 4161 2067 4223 quaesumuS,
2105 4141 2483 4206 solemniter
2517 4139 2927 4205 immolanda

733 4259 856 4321 pro
881 4249 1146 4304 tuorum
1177 4244 1813 4308 commemoratione
1845 4245 2181 4324 iustorum,
2208 4247 2637 4310 conscientias
2668 4254 2928 4309 nostras

734 4363 995 4425 semper
1024 4352 1093 4407 et
1125 4344 1397 4409 mundet
1427 4355 1496 4410 et
1525 4358 1851 4430 protegat.
1944 4349 2081 4412 Per.

1585 4510 2085 4566 Postcommun.

825 4618 1093 4695 Votiva,
1144 4621 1449 4701 Domine,
1497 4623 1676 4687 dona
1728 4623 2223 4707 percepimus²;
2284 4626 2503 4707 quae³
2552 4635 2933 4690 sanctorum

743 4722 932 4786 nobis
988 4725 1290 4806 precibus
1350 4735 1416 4788 et
1467 4728 1846 4810 praesentis,
1894 4749 2313 4811 quaesumuS,
2360 4731 2536 4795 vitae
2580 4731 2822 4813 pariter
2868 4741 2937 4794 et
