3342 5392
463 417 502 467 1.
531 416 664 482 xlii]
1075 418 1503 477 ROMANAE
1543 416 2031 478 ECCLESIAE.
2538 476 2543 483 ,
2570 426 2653 497 79

456 582 628 662 inde,
657 580 988 661 damnate,
1019 581 1109 648 da
1152 582 1472 649 honorem
1519 584 1668 651 Deo
1696 584 1851 650 vivo
1880 592 1949 649 et
1992 604 2165 664 vere,
2197 582 2286 651 da
2328 583 2648 651 honorem

457 686 610 751 Iesu
643 684 912 752 Christo
955 686 1128 754 Filio
1167 688 1325 764 eiuS,
1355 696 1426 755 et
1469 686 1745 772 Spiritui
1785 697 2035 765 sancto,
2070 689 2139 753 in
2167 689 2351 755 cuius
2382 691 2654 755 nomine

456 798 662 872 atque
710 791 952 855 virtute
1001 792 1336 876 praecipio
1385 792 1506 857 tibi
1525 790 1551 828 ²
1595 799 1672 857 ut
1715 812 1920 857 exeas
1964 801 2034 858 et
2077 793 2346 858 recedas
2390 794 2479 859 ab
2523 793 2650 857 hoc

454 891 707 959 famulo
774 895 923 974 Dei,
981 915 1182 977 quem
1239 895 1442 961 hodie
1505 896 1837 961 Dominus
1909 897 2095 961 Deus
2166 906 2392 961 noster
2466 897 2653 963 Iesus

455 996 761 1062 Christus
803 1000 892 1063 ad
933 1018 1122 1063 suam
1169 1008 1467 1064 sanctam
1508 1000 1793 1083 gratiam
1840 1007 1908 1064 et
1942 1000 2474 1066 benedictionem
2502 1002 2648 1065 fon-

451 1108 726 1185 temque
766 1102 1192 1186 baptismatis
1234 1103 1412 1167 dono
1432 1100 1460 1141 ³
1485 1122 1724 1169 vocare
1753 1104 2065 1187 dignatus
2106 1112 2227 1181 est,
2257 1113 2331 1168 ut
2363 1103 2479 1169 fiat
2509 1106 2650 1169 eius

451 1205 778 1288 templum
831 1226 948 1289 per
989 1226 1232 1290 aquam
1287 1206 1801 1290 regenerationis
1844 1208 1911 1271 in
1960 1208 2410 1273 remissionem
2433 1208 2461 1247 ⁴
2502 1228 2649 1271 om—

443 1309 632 1373 nium
675 1320 1116 1394 peccatorum,
1162 1310 1231 1374 in
1276 1310 1545 1375 nomine
1598 1311 1875 1375 Domini
1930 1312 2136 1377 nostri
2185 1312 2335 1377 Iesu
2382 1310 2648 1387 Christi,

447 1414 561 1495 qui
590 1422 906 1479 venturus
949 1422 1052 1480 est
1095 1414 1385 1479 iudicare
1415 1414 1604 1481 vivos
1633 1424 1704 1482 et
1734 1424 2033 1480 mortuos
2060 1426 2132 1482 et
2164 1414 2500 1480 saeculum
2530 1435 2649 1499 per

445 1515 686 1599 ignem.
714 1543 758 1600 γ

536 1620 703 1684 Inde
758 1622 978 1705 tangis
1031 1623 1097 1687 ei
1149 1642 1344 1688 nares
1395 1630 1462 1686 et
1515 1642 1710 1688 aures
1755 1622 1835 1687 de
1883 1632 2085 1705 sputa,
2136 1631 2204 1687 et
2244 1622 2411 1688 dicis·
2454 1624 2519 1687 ei
2559 1622 2654 1687 ad

447 1744 676 1789 aurem
696 1724 724 1765 ⁶
740 1746 767 1790 .·

535 1828 757 1893 Effeta
775 1828 818 1903 ⁸,
866 1828 1050 1911 quod
1097 1837 1201 1893 est
1251 1829 1608 1913 adaperire,
1647 1830 1718 1892 in
1770 1829 2045 1895 odorem
2086 1831 2449 1897 suavitatis,
2537 1830 2644 1895 Tu

447 1940 672 1997 autem
706 1928 1014 2015 effugare,
1037 1932 1317 2011 diabole,
1345 1933 1906 2017 appropinquavit
1937 1933 2115 1998 enim
2151 1935 2465 1999 iudicium
2494 1934 2642 1998 Dei.

533 2036 776 2102 Postea
805 2058 956 2101 vero
993 2039 1216 2120 tangis
1245 2038 1311 2102 ei
1320 2046 1549 2121 pectus
1573 2046 1641 2101 et
1665 2039 1841 2102 inter
1866 2037 2163 2121 scapulas
2188 2037 2269 2103 de
2296 2037 2425 2103 oleo
2461 2059 2643 2102 exor-

443 2141 666 2219 cizato,
691 2150 759 2205 et
787 2150 1002 2206 vocato
1030 2143 1304 2218 nomine,
1333 2140 1621 2225 singulis
1651 2140 1821 2207 dicis
1838 2138 1863 2178 ⁷
1888 2164 1911 2203 .·

531 2242 986 2309 Abrenuntias
1031 2242 1322 2310 Satanae
1341 2250 1370 2309 ?

529 2348 718 2431 Resp.
765 2348 1210 2414 Abrenunti0.

533 2451 626 2517 Et
655 2453 965 2518 omnibus
995 2452 1306 2536 operibus
1335 2453 1474 2517 eius
1496 2457 1525 2516 ?

527 2554 716 2639 Resp.
766 2555 1209 2622 Abrenuntio.

530 2658 623 2724 Et
651 2660 960 2725 omnibus
990 2660 1257 2745 pompis
1285 2661 1468 2725 eius?

525 2762 716 2847 Resp.
757 2762 1196 2829 Abrenuntio.

524 2866 690 2931 Inde
745 2888 894 2931 vero
941 2864 1108 2933 dicis
1162 2866 1531 2949 symbolum,
1579 2866 1881 2949 imposita
1940 2888 2141 2931 manu
2186 2878 2376 2952 super
2422 2870 2639 2951 capita

440 2969 742 3053 ipsorum.
830 2966 1071 3036 Postea
1101 2992 1250 3036 vero
1277 2971 1523 3036 dicitur
1549 2974 1644 3037 eis
1671 2972 1753 3035 ab
1780 2970 2230 3037 archidiacono
2246 2994 2272 3036 .·

523 3074 749 3153 Orate,
803 3074 1013 3155 electi,
1065 3074 1311 3141 flectite
1364 3096 1600 3158 genua.
1691 3074 2041 3159 Complete
2078 3077 2445 3141 orationem
2489 3097 2633 3140 ves-

435 3188 609 3243 tram
667 3180 735 3242 in
785 3199 1010 3259 unum,
1070 3189 1139 3245 et
1199 3179 1416 3257 dicite,
1474 3180 1722 3243 Amen.
1812 3178 1881 3242 E
1885 3189 1916 3244 t
1969 3178 2351 3263 respondent
2403 3200 2636 3257 omnes,

438 3281 681 3348 Amen.

520 3387 776 3451 Iterum
805 3387 1234 3453 admonentur
1261 3386 1344 3451 ab
1373 3386 1827 3452 archidiacono
1856 3386 1962 3451 his
1990 3385 2205 3451 verbis
2225 3408 2250 3451 .·

523 3491 999 3556 Catechumeni
1074 3492 1406 3557 recedant.
1525 3490 1783 3556 Omnes
1856 3490 2313 3557 catechumeni
2382 3503 2633 3557 exeant

435 3594 606 3658 foras
624 3592 670 3659 ⁸.

283 3716 408 3774 564
519 3698 772 3763 Iterum
800 3697 966 3763 dicit
987 3698 1294 3764 diaconus
1309 3720 1335 3761 .·

525 3802 675 3865 Filii
716 3802 1032 3867 carissimi
1076 3800 1480 3866 revertimini
1510 3802 1576 3865 in
1609 3802 1771 3867 locis
1799 3802 2032 3866 vestris
2052 3800 2098 3878 ⁹,
2128 3810 2559 3885 expectantes
2580 3800 2632 3839 ¹⁰

433 3904 664 3969 horam
694 3926 828 3989 qua
859 3906 1068 3989 possit
1097 3906 1266 3971 circa
1299 3926 1418 3970 vos
1449 3906 1578 3971 Dei
1606 3906 1821 3991 gratia
1850 3905 2255 3990 baptismum
2287 3924 2579 3988 operare.

565 4090 962 4171 SEQun-un
1004 4106 1208 4158 onno
1253 4104 1640 4169 QUALITER
1686 4091 2035 4158 SABBATO
2076 4104 2361 4157 SANcTo
2406 4105 2509 4155 AD

998 4210 1350 4262 VIGILIAM
1395 4210 1978 4261 INGREDIANTUR
1997 4193 2072 4258 ¹1.

434 4316 768 4383 Primitus
807 4316 984 4383 enim
1031 4319 1162 4383 viii
1197 4316 1363 4382 liora
1399 4316 1536 4383 diei
1575 4316 1901 4382 mediante
1926 4315 2279 4399 procedunt
2316 4316 2412 4380 ad
2440 4314 2627 4380 eccle-

560 4422 748 4499 siam,
777 4431 842 4485 et
880 4420 1344 4505 ingrediuntur
1377 4422 1449 4485 in
1491 4420 1787 4485 sacrario
1806 4418 1875 4495 ¹²,
1905 4430 1973 4485 et
2005 4420 2293 4485 induunt
2326 4442 2397 4485 se
2434 4420 2627 4484 vesti-

559 4527 794 4589 mentis
829 4526 1001 4591 sicut
1033 4544 1170 4589 mos
1209 4534 1321 4589 est.
1408 4524 1515 4589 Et
1539 4524 1772 4608 incipit
1804 4523 2011 4587 clerus
2036 4524 2278 4588 litania
2296 4519 2365 4600 ¹²,
2393 4533 2460 4586 et
2479 4532 2627 4604 pro-

557 4626 728 4693 cedit
753 4628 1046 4693 sacerdos
1074 4628 1153 4693 de
1179 4628 1472 4693 sacrario
1498 4649 1643 4692 cum
1673 4627 2013 4693 ordinibus
2040 4627 2267 4691 sacris.
2346 4626 2633 4691 Veniunt

561 4743 712 4797 ante
783 4732 997 4798 altare
1067 4742 1318 4797 stantes
1377 4732 1689 4797 inclinato
1746 4732 1952 4813 capite
2008 4730 2357 4811 usquedum
2415 4729 2633 4793 dicent
