3342 5392
405 427 445 476 1.
470 425 596 491 cni]
1024 424 1453 482 ROMANAE
1494 425 1980 483 ECCLESJAE.
2472 439 2499 483 1
2512 431 2592 502 57

401 596 757 670 perpetuae
774 587 1165 672 virginitatis
1186 600 1287 656 est
1314 585 1638 677 [sponsu3,
1647 590 2216 673 quemadmodum
2240 599 2597 674 perpetuae

397 691 792 774 virginitatis
839 687 1043 778 est]¹⁸
1090 691 1280 757 filius.
1370 693 1765 776 Imploranti
1812 714 1969 777 ergo
2014 694 2338 758 auxilium
2383 703 2596 772 tuum,

401 793 705 873 Domine,
733 805 799 860 et
830 795 1202 861 confirmari
1232 817 1302 860 se
1330 797 1807 862 benedictionis
1830 797 1881 836 ¹⁹
1919 807 2070 862 tuae
2100 798 2595 862 consecratione

399 898 706 982 cupienti,
760 900 848 963 da
896 901 1327 984 protectionis
1375 910 1528 965 tuae
1580 903 1917 965 munimen
1964 911 2031 965 et
2083 902 2374 985 regimen
2392 900 2462 979 ²⁰,
2514 922 2597 965 ne

393 1001 604 1066 hostis
633 1003 944 1086 antiquus
972 1004 1086 1087 qui
1112 1003 1574 1070 excellentiora
1606 1006 1824 1069 studia
1851 1004 2304 1069 subtilioribus
2334 1005 2597 1071 infestat

295 1169 308 1186 ,
397 1106 669 1180 insidiis,
723 1107 808 1170 ad
869 1108 1349 1172 obscurandam
1414 1108 1743 1192 perfectae
1802 1109 2243 1174 continentiae
2302 1108 2595 1191 palmam

397 1229 514 1293 per
543 1210 836 1293 aliquam
860 1212 1099 1276 mentis
1129 1222 1350 1295 serpat
1369 1210 1416 1248 ²¹
1449 1213 1789 1288 incuriam,
1812 1222 1880 1276 et
1903 1213 2114 1294 rapiat
2143 1214 2227 1277 de
2256 1213 2598 1296 proposito

397 1314 740 1398 virginum,
787 1317 963 1398 quod
1013 1315 1216 1380 etiam
1271 1315 1565 1381 moribus
1620 1317 1813 1380 decet
1871 1316 2081 1380 inesse
2138 1326 2492 1400 nuptarum
2519 1315 2597 1382 ²².

400 1417 506 1483 Sit
535 1419 600 1481 in
629 1440 727 1498 ea,
753 1419 1058 1498 Domine,
1083 1439 1197 1502 per
1220 1420 1469 1483 donum
1497 1418 1785 1502 Spiritus
1807 1420 1903 1484 tui
1932 1420 2221 1502 prudens
2255 1419 2599 1496 modestia,

398 1523 654 1606 sapiens
727 1522 1098 1605 benignitas
1116 1520 1190 1597 22,
1262 1523 1480 1606 gravis
1553 1521 1815 1600 lenitas,
1890 1534 2073 1589 casta
2144 1523 2454 1589 libertas:
2531 1525 2597 1588 in

401 1627 679 1690 caritate
715 1625 981 1701 ferveat,
1015 1636 1083 1691 et
1124 1626 1288 1690 nihil
1327 1635 1523 1690 extra
1553 1637 1621 1690 te
1649 1628 1905 1710 diligat,
1936 1627 2357 1693 laudabiliter
2398 1628 2598 1704 vivat,

399 1729 784 1813 laudarique
830 1751 960 1794 non
1001 1739 1294 1815 appetat.
1379 1729 1532 1814 [Te]
1577 1731 1644 1794 in
1688 1731 2043 1796 sanctitate
2084 1732 2393 1814 corporis,
2436 1739 2505 1796 te
2534 1732 2599 1794 in

398 1835 598 1898 animi
647 1835 748 1899 sui
802 1834 1118 1918 puri[tate
1163 1829 1636 1922 glori]ficet²⁴;
1682 1855 1910 1899 amore
1956 1845 2025 1900 te
2075 1835 2326 1913 timeat,
2373 1855 2600 1900 amore

397 1939 520 2002 tibi
547 1939 806 2003 serviat.
897 1939 1004 2002 Tu
1036 1939 1094 2002 ei
1124 1939 1338 2003 honor
1364 1939 1471 2014 siS,
1499 1949 1574 2003 tu
1602 1940 1940 2023 gaudium,
1969 1949 2041 2003 tu
2072 1938 2396 2017 voluntas,
2427 1949 2500 2002 tu
2534 1939 2599 2002 in

400 2062 698 2108 moerore
736 2037 1180 2129 consola[tio],
1224 2041 1370 2107 tu²⁵
1413 2043 1479 2107 in
1519 2043 1960 2126 ambiguitate
1998 2041 2363 2121 consilium,
2409 2051 2482 2105 tu
2531 2043 2597 2105 in

398 2146 635 2211 iniuria
705 2146 1016 2224 defensio,
1075 2147 1144 2208 in
1202 2146 1620 2210 tribulatione
1687 2147 2023 2230 patientia,
2084 2147 2150 2210 in
2210 2154 2600 2230 paupertate

398 2249 823 2327 abundantia,
853 2251 918 2314 in
948 2250 1189 2314 ieiunio
1220 2249 1424 2328 cibus,
1457 2250 1524 2313 in
1564 2249 1946 2314 infirmitate
1988 2251 2332 2314 medicina.
2422 2247 2501 2313 In
2531 2258 2599 2314 te

397 2352 644 2417 habeat
680 2355 902 2417 omnia
932 2373 1131 2437 quem
1162 2353 1436 2436 diligere
1465 2353 1722 2436 appetit
1743 2352 1797 2392 ²⁶
1827 2373 2023 2437 super
2052 2354 2292 2429 omnia,
2320 2361 2388 2416 et
2417 2353 2597 2435 quod

400 2466 503 2520 est
562 2459 856 2541 professa
913 2458 1260 2533 custodiat,
1317 2458 1666 2522 scrutatori
1728 2466 2072 2540 pectorum
2130 2477 2265 2520 non
2322 2476 2599 2539 corpore

397 2561 720 2644 placitura
777 2561 894 2625 sed
957 2571 1197 2625 mente.
1286 2561 1612 2626 Transeat
1678 2561 1744 2624 in
1802 2580 2152 2624 numerum
2202 2560 2595 2642 sapientium

397 2665 784 2749 puellarum,
804 2674 880 2730 ut
898 2664 1250 2730 caelestem
1273 2685 1592 2748 sponsum
1615 2665 1907 2730 accensis
1924 2660 1976 2702 ²⁷
2008 2663 2426 2748 lampadibus
2445 2683 2595 2728 cum

396 2770 546 2834 oleo
575 2769 1092 2852 praeparationis
1121 2777 1473 2852 expectet3
1519 2788 1638 2833 nec
1669 2770 1939 2833 turbata
1956 2765 2008 2804 ²⁸
2040 2766 2379 2852 improvisi
2425 2768 2599 2851 regis

398 2874 704 2952 adventu,
766 2861 1076 2936 secutura⁴
1113 2893 1266 2936 cum
1315 2872 1558 2937 lumine
1615 2872 1744 2956 [ut]
1798 2872 2331 2954 praecedentium
2390 2870 2597 2938 choro

401 2978 705 3060 iungatur
733 2987 1033 3041 occurrat
1050 2975 1120 3054 ²⁹,
1141 2997 1261 3041 nec
1289 2975 1685 3041 excludatur
1713 2997 1863 3040 cum
1894 2976 2133 3040 stultis.
2204 2975 2524 3058 Regalem
2544 2974 2600 3014 ⁸⁰

400 3081 666 3144 ianuam
713 3099 864 3143 cum
902 3078 1306 3163 sapientibus
1353 3080 1721 3163 virginibus
1766 3078 2038 3144 licenter
2087 3080 2386 3156 introeat,
2417 3089 2485 3144 et
2532 3079 2598 3142 in

249 3193 366 3249 631
398 3184 584 3264 Agni
615 3214 640 3238 ι
671 3182 768 3248 tui
814 3191 1134 3266 perpetuo
1178 3184 1494 3249 comitatu
1547 3183 1911 3266 probabilis
1943 3203 2253 3249 mansura
2296 3183 2600 3247 castitate

398 3296 796 3372 permaneat.
887 3288 1011 3351 Per
1043 3286 1426 3351 Dominum.
1472 3314 1513 3369 γ

484 3408 849 3472 Benedictio
878 3408 1404 3473 vestimentorum
1434 3408 1774 3490 virginum
1790 3405 1863 3471 ³¹.

488 3529 692 3608 DeuS,
766 3538 1186 3595 aeternorum
1268 3529 1592 3593 bonorum
1681 3527 2056 3592 fidelissime
2080 3523 2131 3565 ³²
2218 3527 2597 3609 promissor,
2647 3542 2778 3606 Egb.
2806 3553 2917 3621 ¹9⁷·

399 3635 758 3699 certissime
776 3631 830 3672 ⁸²
853 3633 1222 3716 persolutor
1239 3631 1315 3712 ³³,
1338 3632 1452 3716 qui
1480 3633 1949 3696 vestimentum
1980 3630 2286 3709 salutare,
2308 3640 2377 3695 et
2405 3630 2597 3694 indu·
2647 3607 2873 3738 ἓξὲξ·

399 3748 695 3803 mentum
745 3737 1167 3802 iocunditatis
1214 3737 1346 3800 tuis
1394 3735 1698 3800 fidelibus
1751 3734 2127 3818 promisisti,
2180 3735 2594 3800 clementiam

397 3852 582 3907 tuam
611 3840 994 3926 suppliciter
1021 3861 1394 3917 exoramus,
1427 3850 1500 3904 ut
1522 3841 1687 3904 haec
1723 3838 2126 3913 indumenta,
2158 3836 2597 3902 humilitatem

397 3947 614 4012 cordis
658 3955 726 4010 et
771 3953 1228 4027 contemptum
1275 3945 1506 4008 mundi
1542 3942 1999 4028 significantia,
2028 3941 2271 4025 quibus
2315 3941 2599 4006 famulae

398 4061 551 4116 tuae
609 4058 840 4115 sancto
897 4048 1244 4113 visibiliter
1301 4057 1454 4112 sunt
1512 4047 1964 4111 informandae
2030 4046 2393 4130 proposito,
2445 4065 2599 4128 pro-

397 4155 599 4240 pitius
625 4151 679 4192 ³⁴
725 4153 1120 4231 benedicas3
1167 4161 1242 4216 ut
1264 4151 1320 4192 ³⁶
1365 4151 1599 4216 beatae
1652 4151 1977 4215 castitatis
2028 4150 2350 4226 habitum,
2394 4169 2594 4231 quem

397 4268 463 4323 te
494 4257 828 4340 aspirante
849 4257 900 4294 ³⁶
931 4257 1310 4339 suscipiunt,
1342 4265 1411 4319 te
1451 4263 1843 4338 protegente
1872 4253 2287 4329 custodiant3
2331 4261 2399 4316 et
2429 4272 2597 4335 quas

399 4362 692 4426 vestibus
721 4359 1125 4424 venerandae
1166 4359 1616 4441 promissionis
1645 4357 1862 4421 induis
1892 4355 2366 4440 temporaliter,
2395 4356 2597 4421 beata

402 4466 602 4530 facias
634 4462 1135 4529 immortalitate
1162 4462 1400 4526 vestiri.
1493 4462 1616 4525 Per
1647 4461 2016 4525 Dominum
2047 4470 2362 4525 nostrum.
2408 4484 2448 4539 γ

469 4617 486 4646 ¹
523 4619 634 4668 The
671 4617 887 4682 heading
919 4615 978 4667 of
1009 4615 1095 4666 the
1127 4615 1338 4680 parallel
1379 4613 1508 4664 form
1548 4613 1601 4663 in
1640 4614 1793 4664 Gerb.
1826 4613 1876 4662 ii.
1910 4627 1973 4677 95
2013 4611 2161 4676 (from
2194 4629 2225 4662 a
2257 4613 2450 4662 Vienna
2484 4611 2595 4662 MS.

404 4699 530 4734 nec.
563 4687 616 4742 x)
656 4698 827 4748 agree·
861 4682 982 4731 with
1020 4681 1130 4732 that
1162 4681 1278 4730 here
1309 4680 1474 4744 given,
1505 4687 1682 4744 except
1720 4681 1773 4728 in
1807 4678 2014 4741 reading
2051 4677 2301 4726 natalitiis
2338 4677 2414 4726 for
2451 4683 2595 4725 nata-

405 4749 533 4799 litio.
602 4749 712 4798 The
741 4748 908 4799 offices
941 4748 991 4796 in
1020 4747 1173 4797 Leon.
1199 4745 1340 4796 Miss.
1359 4745 1533 4795 Franc-
1559 4745 1687 4810 Egb.
1714 4761 1797 4796 are
1828 4743 1907 4793 sor
1938 4759 2077 4793 more
2111 4744 2232 4792 than
2262 4757 2357 4792 one
2387 4757 2593 4808 person:
