3342 5392
713 431 752 498 3
753 425 842 496 54
1574 422 2035 480 APPENDIX.

915 585 1070 666 VD„
1093 585 1214 660 Qui
1255 586 1576 648 humanum
1615 607 1805 664 genus
1846 589 1919 648 de
1962 587 2251 665 profundo

914 684 1053 746 Tua
1093 695 1296 746 sancta
1335 695 1631 746 sumentes
1669 705 1728 766 q.
1776 685 1927 748 Dne.
1970 697 2033 747 ut
2072 688 2131 748 b.
2172 684 2407 769 Magni]

347 887 482 939 Gerb
1255 872 1365 956 [xi
1396 874 1542 936 Kal.
1585 877 1733 954 Sept.
1776 875 1921 938 Nat.
1963 876 2026 938 S.
2077 876 2363 938 Timothei.

345 970 398 1019 Ρ·
427 953 538 1006 ¹⁶⁸·
911 990 1208 1051 Auxilium
1251 1001 1416 1052 tuum
1455 993 1627 1052 nobis
1668 992 1819 1052 Dne.
1862 1012 1917 1071 q.
1960 992 2225 1071 placatus

876 1089 1226 1149 *Offerimus
1267 1091 1369 1147 tibi
1411 1089 1561 1150 Dne.
1605 1109 1961 1168 quaesumus
2002 1089 2135 1172 (sic)
2175 1109 2381 1170 preces

873 1186 1040 1250 *VD.
1086 1187 1224 1247 Tibi
1264 1189 1420 1248 enim
1463 1188 1606 1249 festa
1645 1189 1981 1249 solemnitas

912 1285 1110 1346 Divini
1151 1289 1408 1346 muneris
1448 1287 1705 1365 largitate
1746 1283 1961 1370 satiati]

345 1486 500 1538 Gerb.
1353 1470 1532 1531 Heba.
1573 1474 1687 1531 xiv
1714 1478 1851 1548 post
1882 1470 2245 1531 Pentecosten.

343 1568 396 1617 P’
425 1550 536 1604 ¹⁶⁸·
909 1587 987 1648 O.
1029 1605 1076 1648 s·
1119 1585 1194 1645 D.
1235 1604 1342 1663 per
1382 1604 1558 1665 quem
1600 1589 1797 1664 coepit
1836 1605 1965 1646 esse
2006 1587 2169 1663 quod
2210 1605 2331 1646 non
2372 1596 2496 1646 erat

871 1685 982 1745 *0.
1027 1694 1084 1744 et
1123 1703 1202 1745 m.
1245 1684 1320 1743 D.
1365 1685 1438 1745 de
1478 1685 1641 1744 cuius
1683 1702 1920 1745 munere
1962 1685 2119 1745 venit

909 1783 1152 1844 Hostias
1193 1800 1251 1860 q.
1293 1782 1448 1844 Dne.
1483 1783 1826 1861 propitiatus
1866 1785 2102 1843 intende

878 1880 1046 1940 ΛΤΒ.
1088 1880 1245 1955 Quia
1284 1890 1346 1940 tu
1387 1881 1448 1940 in
1489 1891 1689 1942 nostra
1728 1899 1959 1960 semper

907 1979 1171 2040 Vivificet
1209 1997 1322 2040 nos
1360 1999 1419 2058 q.
1461 1979 1612 2040 Dne.
1657 1979 1829 2040 huius
1870 1981 2233 2058 participatio

341 2182 494 2234 σαι),
505 2199 608 2315 ὧρ,
1069 2164 1143 2222 ix
1183 2159 1325 2221 Kal.
1369 2160 1518 2240 Sept.
1563 2161 1706 2222 Nat.
1750 2161 1815 2222 S.
1858 2161 2282 2221 Bartholomaei
2312 2161 2505 2239 Δροσί.

347 2247 456 2312 ¹⁶⁸2
478 2262 499 2298 ¹
573 2287 588 2303 ·
619 2288 624 2298 ’
904 2276 979 2338 Ο.
1019 2295 1064 2336 s.
1105 2277 1182 2336 D.
1222 2277 1323 2355 qui
1364 2276 1536 2336 huius
1579 2277 1693 2337 diei
1733 2277 2122 2337 venerandam

867 2373 968 2433 ffl.
1011 2376 1260 2453 apostoli
1301 2376 1383 2435 tui
1424 2373 1853 2435 Bartholomaei
1894 2377 2059 2436 cuius

866 2471 1035 2534 *VD.
1077 2472 1201 2546 Qui
1241 2472 1547 2534 ecclesiam
1589 2483 1750 2533 tuam
1792 2475 2144 2550 sempiterna
2182 2475 2393 2551 pietate

906 2570 1278 2649 Sumpsimus
1317 2569 1468 2631 Dne.
1508 2571 1724 2650 pignus
1765 2572 1963 2631 salutis

903 2667 1152 2747 Protege
1192 2668 1344 2730 Dne.
1385 2668 1667 2748 populum
1707 2678 1873 2730 tuum
1913 2679 1971 2730 et
2010 2669 2407 2748 apostolorum

339 2865 492 2916 Gerb.
515 2880 604 2930 pp.
1329 2839 1421 2925 [vi
1453 2841 1593 2903 Kal.
1637 2843 1787 2922 Sept.
1828 2842 1971 2905 Nat.
2006 2841 2071 2904 S.
2104 2843 2267 2922 Rufi.

343 2931 452 2998 ¹⁶9’
475 2941 588 2996 ¹⁷⁰·
901 2957 1126 3020 Adesto
1167 2957 1320 3019 Dne.
1361 2960 1876 3038 supplicationibus
1916 2961 2129 3020 nostris

903 3053 1132 3115 Oblatis
1170 3073 1228 3132 q.
1271 3053 1424 3114 Dne.
1466 3053 1695 3131 placare
1737 3055 2073 3114 muneribus

904 3147 1038 3210 VD.
1082 3147 1384 3222 Quoniam
1427 3148 1941 3228 supplicationibus

901 3246 1262 3307 Caelestibus
1301 3245 1497 3307 refecti
1539 3247 1916 3308 sacramentis
1956 3257 2015 3308 et
2055 3241 2310 3327 gaudiis]

336 3434 476 3484 Gerb
1245 3417 1311 3502 [v
1356 3419 1499 3480 Kal.
1541 3419 1692 3500 Sept.
1736 3419 1879 3480 Nat.
1923 3418 1989 3482 S.
2028 3420 2311 3480 Hermetis
2330 3421 2368 3480 ¹.

335 3515 386 3564 p.
415 3509 526 3564 ¹⁷⁰‘
900 3535 1245 3597 Intercessio
1286 3534 1438 3594 Dne.
1481 3536 1537 3596 b.
1582 3534 1877 3596 Hermetis

900 3630 1152 3690 Munera
1192 3640 1394 3689 nostra
1434 3628 1584 3688 Dne.
1628 3649 1686 3707 q.
1723 3631 2070 3708 propitiatus

897 3727 1030 3788 VD.
1073 3728 1372 3801 Quoniam
1413 3727 1751 3789 fiducialiter

899 3825 1126 3904 Repleti
1167 3825 1319 3885 Dne.
1359 3826 1764 3886 benedictione
1804 3823 2064 3909 caelesti]

332 4009 484 4061 Gerb.
507 4023 595 4074 pp.
1343 3999 1527 4059 Heba.
1569 4019 1658 4060 xv
1686 4009 1823 4077 post
1856 4000 2215 4060 Pentecosten.

337 4085 446 4140 ¹⁷0'
468 4084 579 4140 ¹⁷¹⁹
897 4115 971 4178 O.
1015 4135 1061 4176 s.
1105 4116 1182 4175 D.
1225 4116 1301 4176 da
1341 4115 1511 4177 nobis
1551 4116 1687 4176 fidei
1728 4117 1849 4194 spei
1890 4127 1948 4176 et
1988 4117 2233 4176 caritatis

899 4215 975 4277 O.
1015 4233 1061 4277 s.
1105 4214 1183 4274 D.
1223 4214 1319 4276 fac
1359 4230 1472 4275 nos
1513 4215 1614 4274 tibi
1663 4233 1896 4293 semper

859 4308 1216 4388 *Propitiare
1255 4308 1409 4371 Dne.
1448 4309 1672 4388 populo
1715 4319 1815 4368 tuo

897 4406 1034 4468 VD.
1075 4408 1196 4481 Qui
1238 4425 1350 4469 nos
1391 4407 1466 4470 de
1507 4407 1683 4468 donis

854 4505 1148 4584 *Sumptis
1186 4504 1341 4566 Dne.
1381 4505 1723 4567 caelestibus
1763 4505 2139 4566 sacramentis

753 4675 774 4704 ¹
805 4678 869 4729 R.
891 4677 983 4729 has
1001 4627 1117 4729 here
1138 4693 1174 4728 v
1195 4679 1278 4729 R!
1292 4673 1402 4743 Sei.
1423 4667 1658 4728 Nat‘l'Sc'i
1682 4677 1969 4741 Augustini
1988 4675 2163 4742 (Gerb.
2186 4693 2235 4742 p.
2263 4675 2392 4740 170).
2458 4673 2575 4727 The
2602 4677 2829 4738 collect
2862 4691 2935 4740 οἱ

691 4742 776 4792 the
798 4745 962 4793 Mais-sa
985 4744 1027 4795 is
1047 4753 1136 4794 not
1156 4753 1206 4795 at
1227 4744 1325 4794 this
1346 4743 1488 4808 point
1511 4744 1562 4793 in
1585 4743 1736 4794 Gerb.
