3342 5392
1256 459 1312 514 A
1319 456 1720 514 PPENDIX.

595 622 778 683 Grata
818 623 922 682 tibi
964 623 1078 682 sint
1118 621 1270 684 Dne.
1309 639 1556 682 munera
1594 621 1808 701 quibus

593 721 824 800 Repleti
865 719 1016 781 Dne.
1059 721 1211 782 sacri
1250 720 1507 781 muneris
1547 721 1731 798 gratia

597 819 992 880 Reminiscere
1031 819 1468 882 miserationum
1508 829 1736 880 tuarum

770 982 953 1042 Ferz'a
993 985 1052 1044 iv
1092 985 1176 1043 ad
1211 982 1276 1043 S.
1317 981 1588 1044 Mariam
1631 979 1732 1062 (R.
1777 980 1922 1042 adds
1963 978 2073 1040 Eb.
2116 975 2218 1058 ve).

597 1096 837 1157 Praesta
875 1116 933 1177 q.
977 1117 1033 1160 o.
1074 1098 1152 1158 D.
1195 1110 1258 1159 ut
1299 1099 1398 1178 qui
1439 1098 1650 1159 nostris

596 1196 672 1256 D.
713 1197 813 1273 qui
854 1215 962 1275 pro
1003 1199 1174 1258 nobis
1215 1197 1396 1257 filium
1438 1206 1603 1256 tuum

599 1294 675 1356 O.
713 1312 760 1354 s.
801 1294 877 1354 D.
920 1296 1021 1373 qui
1061 1296 1278 1357 Christi
1316 1296 1398 1356 tui
1439 1297 1611 1356 beata

597 1392 836 1453 Praesta
875 1414 935 1473 q.
977 1410 1034 1455 o.
1074 1405 1134 1454 et
1174 1413 1254 1454 m.
1295 1394 1372 1454 D.
1417 1403 1482 1454 ut
1523 1395 1671 1455 sicut

600 1491 844 1568 Suscipe
885 1510 944 1571 q.
987 1492 1142 1553 Dne.
1183 1510 1398 1553 munus
1438 1492 1703 1554 oblatum

597 1589 840 1666 Largire
881 1591 1148 1652 sensibus
1187 1591 1405 1651 nostris
1442 1609 1498 1651 o.
1542 1591 1617 1649 D.

599 1685 855 1766 Respice
896 1687 1051 1750 Dne.
1093 1708 1152 1767 q.
1195 1707 1368 1767 super
1407 1687 1564 1749 hanc
1603 1687 1881 1749 familiam

1085 1844 1293 1928 [Feria
1334 1865 1372 1906 v
1417 1846 1627 1907 Comae
1669 1845 1923 1906 Domini.

601 1959 676 2021 Ο.
720 1979 766 2021 ε.
807 1961 885 2023 D.
928 1963 1008 2023 da
1046 1982 1104 2041 q.
1146 1963 1424 2024 universis

584 2061 897 2122 *Concede
937 2061 1305 2123 credentibus
1343 2079 1426 2120 m.
1468 2059 1546 2120 D.
1586 2059 1809 2122 salvum

613 2163 691 2225 Ο.
733 2180 780 2222 s.
821 2160 898 2220 D.
939 2162 1040 2238 qui
1079 2161 1257 2220 vitam
1296 2160 1537 2220 humani
1580 2159 1807 2238 generis

607 2261 794 2322 Adest
833 2279 872 2320 o
913 2259 1256 2320 venerabilis
1296 2259 1560 2337 pontifex

566 2359 823 2419 *Adesto
865 2358 1019 2419 Dne.
1063 2357 1582 2436 supplicationibus
1623 2356 1837 2418 nostris
1878 2366 1935 2416 et
1976 2372 2071 2414 me

614 2461 850 2521 Praesta
891 2475 950 2534 q.
992 2455 1144 2516 Dne.
1180 2455 1316 2516 huic
1357 2455 1576 2515 famulo
1617 2465 1720 2515 tuo
1761 2454 2004 2532 dignum

566 2559 678 2620 *D.
719 2555 960 2617 humani
1001 2555 1235 2632 generis
1273 2554 1690 2631 benignissime
1733 2552 2003 2614 conditor

569 2657 678 2720 *0.
725 2675 770 2716 s.
812 2653 887 2714 D.
930 2653 1228 2714 confitenti
1269 2653 1373 2712 tibi
1413 2653 1551 2713 huic
1590 2651 1809 2712 famulo
1850 2662 1954 2712 tuo

607 2758 682 2819 Ο.
726 2765 785 2815 et
824 2773 902 2814 m.
943 2752 1020 2812 D.
1054 2751 1156 2829 qui
1199 2761 1578 2831 peccatorum
1618 2750 2041 2828 indulgentiam

568 2856 756 2916 *Dne.
797 2871 844 2912 3.
886 2851 950 2912 Ρ.
997 2869 1054 2912 o.
1095 2859 1206 2911 aet.
1250 2849 1326 2910 D.
1367 2851 1585 2928 respice
1626 2850 1910 2927 propitius

571 2955 898 3013 *Virtutum
940 2949 1278 3010 caelestium
1318 2948 1394 3008 D.
1436 2947 1511 3009 de
1550 2950 1717 3009 cuius
1756 2948 1975 3024 gratiae
2015 2966 2143 3008 rore

611 3048 1137 3112 communicantes
1176 3056 1235 3106 et
1277 3047 1434 3106 diem
1476 3047 1931 3107 sacratissimum

611 3149 791 3210 Hanc
831 3147 1008 3224 igitur
1049 3145 1408 3206 oblationem
1450 3143 1604 3204 Dne.
1647 3153 1893 3205 cunctae

610 3248 734 3321 Qui
773 3245 886 3306 hac
927 3243 1022 3303 die
1065 3252 1382 3320 antequam
1421 3242 1743 3302 traderetur

616 3343 894 3406 Concede
937 3361 995 3420 q.
1040 3340 1192 3400 Dne.
1236 3351 1299 3400 ut
1337 3341 1596 3419 percepti

612 3442 688 3502 D.
731 3442 835 3520 qui
873 3439 1275 3501 confitentium
1317 3439 1420 3498 tibi
1463 3436 1640 3498 corda
1681 3436 1983 3522 purificas]

1123 3581 1290 3666 [Item
1316 3583 1516 3644 Missa
1547 3583 1911 3645 Chn'smalzlr.

615 3703 771 3765 Dne.
817 3701 894 3762 D.
938 3703 1040 3780 qui
1081 3703 1142 3760 in
1182 3700 1592 3779 regenerandis

616 3800 714 3862 Da
754 3801 929 3861 nobis
969 3817 1026 3859 o.
1066 3798 1144 3858 D.
1186 3798 1443 3858 remedia
1485 3798 1837 3858 conditionis
1877 3798 2169 3859 humanae

620 3899 818 3960 Huius
859 3897 1123 3958 sacrificii
1165 3899 1424 3976 potentia
1464 3897 1621 3960 Dne.
1663 3917 1723 3976 q.
1766 3907 1831 3957 ut
1872 3909 2212 3960 vetustatem

621 3997 1141 4060 Communicantes
1182 4005 1242 4055 et
1281 3994 1438 4055 diem
1481 3997 1931 4057 sacratissimum

619 4097 797 4157 Hanc
838 4095 1010 4172 igitur
1050 4095 1405 4154 oblationem
1447 4094 1801 4155 famulorum
1842 4095 2307 4176 famularumque

582 4194 835 4255 *Emitte
873 4211 934 4272 q.
975 4193 1128 4253 Dne.
1175 4192 1452 4272 Spiritum
1495 4204 1768 4253 sanctum

584 4293 695 4352 Α).
737 4294 1231 4352 incrementorum
1272 4301 1330 4351 et
1370 4290 1736 4370 profectuum

588 4391 761 4451 *VD.
801 4391 905 4469 qui
944 4391 1004 4450 in
1046 4390 1332 4468 principio

627 4490 907 4552 Concede
946 4507 1006 4568 q.
1047 4488 1201 4550 Dne.
1244 4499 1307 4549 ut
1349 4491 1607 4567 percepti

627 4588 864 4650 Praesta
904 4606 963 4667 q.
1008 4587 1161 4647 Dne.
1203 4597 1270 4648 ut
1311 4589 1459 4648 sicut
1500 4589 1572 4650 de
1613 4589 1930 4666 praeteritis

625 4686 916 4748 Exorcizo
957 4699 1014 4748 te
1055 4697 1316 4747 creatura
1359 4687 1472 4746 olei

624 4785 757 4846 VD.
804 4786 923 4860 Qui
964 4781 1394 4865 mysteriorum]

2466 458 2594 526 333

2660 1858 2812 1909 Gerb.

2660 1940 2747 1990 pp.
2771 1922 2955 1988 68—72.

2672 3592 2825 3642 Gerb.

2671 3673 2761 3723 PP·
2784 3655 2959 3722 72-78·
