3342 5392
749 417 874 502 368
1617 419 2079 479 APPENDIX.

386 601 538 652 Gerb.
561 615 647 666 pp.
1583 587 1724 647 Item
1752 589 1869 648 alia
1897 586 2109 647 M‘ssa.

387 669 628 729 '³²⁴38‘
951 704 1252 766 Ecclesiae
1291 711 1426 764 tuae
1467 701 1618 762 Dne.
1659 721 1835 763 voces
1876 703 2133 781 placatus

951 805 1050 864 Ab
1087 803 1363 863 omnibus
1403 821 1514 864 nos
1553 801 1801 863 defende
1842 821 1899 882 q.
1941 800 2095 861 Dne.
2138 817 2373 880 semper

953 901 1272 964 Offerimus
1311 902 1414 962 tibi
1455 900 1607 961 Dne.

1275 1031 1477 1112 (Here
1505 1033 1729 1094 follows
1756 1032 1851 1091 the
1884 1030 2081 1093 Canon
2110 1029 2419 1108 Actibntk.)

955 1146 1168 1232 [Quod
1205 1167 1308 1210 ore
1347 1148 1705 1226 sumpsimus
1744 1146 1901 1208 Dne.
1936 1155 2135 1206 mente
2172 1140 2502 1226 capiamus]

917 1245 1342 1330 *[Conservent
1380 1265 1492 1309 nos
1531 1266 1592 1326 q.
1633 1244 1771 1306 Dne
1812 1263 2055 1306 munera
2094 1239 2221 1326 tua]

1026 1380 1142 1459 (R.
1171 1381 1374 1442 inserts
1400 1379 1540 1440 here
1565 1399 1600 1440 a
1627 1377 1803 1440 series
1829 1377 1900 1438 of
1918 1376 2482 1439 Postcommunions..
2567 1375 2683 1436 See

1501 1497 1604 1557 pp.
1633 1479 1772 1554 236,
1804 1491 1916 1554 23⁷
1945 1475 2187 1554 supra.)

389 1651 542 1702 Gerb.
563 1665 654 1717 pp.
1307 1645 1446 1705 Item
1471 1643 1885 1704 Benedx'clz'ones
1908 1652 2079 1720 super
2104 1641 2402 1718 Populum.

393 1719 636 1781 ²³8⁴&
952 1761 1106 1822 Dne.
1149 1779 1194 1821 s.
1237 1759 1302 1820 P.
1341 1778 1400 1823 0.
1441 1769 1554 1820 aet.
1595 1759 1672 1818 D.
1716 1759 1789 1820 de
1832 1757 2191 1818 abundantia

955 1857 1216 1936 Gregem
1257 1868 1424 1918 tuum
1463 1857 1671 1918 Pastor
1711 1857 1870 1916 bone
1911 1854 2175 1934 placatus

954 1954 1240 2040 [Benedic
1279 1956 1432 2016 Dne.
1472 1955 1625 2016 hanc
1669 1955 1949 2014 familiam
1988 1949 2180 2033 tuam]

951 2055 1269 2116 Benedicat
1307 2073 1412 2115 vos
1454 2054 1530 2114 D.
1571 2053 1737 2115 omni
1778 2052 2182 2114 benedictione

955 2152 1147 2212 Plebis
1185 2162 1320 2212 tuae
1360 2170 1419 2229 q.
1458 2150 1610 2211 Dne.
1655 2151 1732 2210 ad
1772 2161 1829 2209 te
1870 2149 2049 2210 corda

955 2250 1274 2329 Propitiare
1314 2249 1534 2329 populo
1577 2263 1679 2310 tuo
1722 2247 1796 2308 D.
1842 2259 1908 2308 ut
1948 2267 1984 2307 a
2025 2249 2142 2307 suis

956 2350 1153 2410 Tuere
1193 2349 1348 2410 Dne.
1386 2347 1664 2408 familiam
1704 2357 1867 2406 tuam
1906 2357 1967 2405 et
2008 2344 2356 2424 spiritalibus

953 2443 1222 2528 [Familia
1261 2457 1360 2506 tua
1399 2446 1476 2505 D.
1519 2457 1578 2506 et
1617 2445 1695 2506 ad
1734 2441 2113 2526 celebranda]

956 2541 1212 2626 [Fideles
1249 2555 1384 2604 tuos
1422 2543 1575 2604 Dne.
1617 2563 1674 2622 q.
1720 2539 1993 2624 corpore]

953 2637 1302 2724 [Propitiare
1341 2643 1492 2702 Dne.
1533 2641 1755 2720 populo
1795 2651 1897 2702 tuo
1938 2655 1995 2700 et
2036 2641 2112 2702 ab
2152 2633 2452 2717 omnibus]

917 2737 1208 2822 *[Adesto
1247 2740 1397 2801 Dne.
1441 2740 1797 2819 supplicibus
1836 2740 1950 2801 tuis
1990 2750 2048 2800 et
2088 2737 2259 2820 nihil]

955 2836 1082 2920 [Da
1118 2856 1177 2916 q.
1218 2837 1371 2899 Dne.
1409 2838 1631 2917 populo
1669 2848 1775 2899 tuo
1814 2847 1875 2898 et
1914 2832 2200 2917 mentem]

958 2935 1224 3019 [Plebem
1265 2939 1488 2998 nomini
1529 2947 1632 2997 tuo
1673 2937 1967 2996 subditam
2008 2933 2187 3018 Dne.]

835 3187 1001 3248 Here
1041 3188 1140 3248 the
1183 3187 1244 3248 S.
1285 3187 1494 3249 Gallen
1538 3188 1670 3249 MS.
1715 3208 1846 3249 now
1890 3189 2053 3261 endS,
2102 3187 2197 3247 the
2246 3187 2355 3246 last
2374 3187 2703 3265 ‚gathering
2746 3187 2820 3248 os
2850 3189 2957 3251 the

754 3284 986 3345 volume
1025 3284 1241 3363 having
1280 3287 1619 3364 apparently
1660 3287 1775 3346 lost
1818 3287 1889 3346 its
1931 3286 2041 3345 last
2080 3285 2209 3348 leaf.
2298 3285 2430 3345 The
2476 3283 2747 3345 Rheinau
2796 3285 2955 3360 MS„

753 3383 943 3443 which
963 3384 1138 3444 omits
1159 3385 1257 3443 the
1277 3383 1388 3444 last
1406 3384 1494 3444 six
1518 3385 1588 3445 of
1601 3385 1700 3444 the
1718 3383 2131 3443 Benedictzbnes
2149 3393 2315 3461 super
2334 3384 2614 3460 Populum
2636 3385 2957 3446 contained

753 3482 815 3540 in
856 3481 953 3541 the
998 3481 1057 3543 S.
1098 3481 1310 3543 Gallen
1351 3481 1505 3556 MS„
1547 3483 1695 3543 adds
1733 3500 1849 3543 one
1890 3481 2081 3543 which
2130 3479 2276 3542 does
2316 3494 2422 3544 not
2462 3500 2682 3562 appear
2728 3493 2787 3543 at
2834 3483 2956 3545 this

753 3581 920 3658 point
945 3580 1007 3639 in
1033 3581 1132 3641 the
1159 3581 1326 3642 latter
1342 3601 1445 3642 :—

955 3701 1262 3763 Familiam
1301 3702 1656 3784 tuamtDne.
1696 3703 1957 3782 pervigili
2000 3703 2119 3785 (see
2147 3702 2325 3764 Gerb.
2353 3721 2410 3782 p.
2443 3706 2607 3780 239).

834 3823 1003 3885 After
1041 3825 1141 3887 the
1187 3826 1348 3904 eight
1400 3826 1815 3886 Benedictiones
1860 3837 2027 3905 super
2071 3826 2356 3906 Populum
2404 3827 2627 3888 follows
2645 3825 2957 3907 :—Expli-

754 3923 915 3983 ciunt
955 3924 1390 3985 benedictiones
1431 3926 1570 3985 anni
1611 3925 1811 3985 circuli
1852 3937 1940 3985 est
1976 3943 2250 3986 numerus
2290 3925 2449 3985 lxxii.
2534 3925 2746 4004 Incipit
2773 3924 2957 3988 Liber

761 4022 1053 4084 secundus
1081 4023 1154 4084 de
1181 4033 1440 4086 extrema
1465 4035 1650 4101 parte.
1732 4023 2046 4084 Orationes
2072 4023 2149 4083 ad
2174 4023 2489 4084 matutinis·

1243 4164 1534 4226 Matutina
1573 4165 1905 4242 supplicum
1945 4175 2079 4225 vota

1244 4263 1461 4324 Emitte
1500 4281 1558 4341 q.
1602 4263 1755 4324 Dne.
1797 4263 1986 4324 lucem

1244 4360 1322 4424 D.
1363 4363 1463 4441 qui
1503 4363 1661 4424 diem
1702 4363 1983 4424 discernis
2023 4382 2094 4423 ac
2134 4372 2303 4424 nocte
2346 4361 2476 4442 (sic)

399 4520 555 4574 Gerb.
579 4536 666 4585 pp.
1497 4505 1598 4566 Al.
1627 4507 1899 4565 orationes
1922 4505 2007 4563 ad
2041 4504 2227 4582 Vesfi·

403 4601 516 4651 ²⁴¹⁹
535 4601 647 4650 ²⁴²·
1247 4618 1482 4680 Oriatur
1521 4617 1672 4679 Dne.
1715 4619 2081 4700 nascentibus

1247 4715 1418 4778 Tuus
1457 4727 1544 4778 est
1583 4715 1709 4778 dies
1748 4714 1899 4778 Dne.
1942 4727 1999 4778 et
2040 4730 2136 4778 tua
