3342 5392
313 1301 465 1350 Gerb.

314 1382 364 1429 p.
395 1369 506 1415 180.

315 1986 451 2036 Gerb

315 2068 365 2116 p.
396 2023 504 2101 18⁸2.

317 2562 454 2616 Gerb

315 2645 366 2694 p.
396 2602 508 2693 18⁹3.

318 3541 474 3591 Gerb.

319 3624 370 3672 p.
400 3606 509 3670 184.

1539 359 1596 412 A
1601 357 2001 414 PPENDIX.

875 517 1399 603 [Omnipotentiam
1443 530 1606 582 tuam
1647 520 1799 582 Dne.
1843 531 2115 599 prompta
2153 518 2379 602 mente]

876 618 958 678 Ut
999 636 1110 678 nos
1151 617 1301 678 Dne.
1342 618 1544 678 tribuis
1587 619 1847 680 solemne
1888 621 1993 680 tibi

875 717 1024 777 Post
1045 715 1251 776 Bened.
1335 716 1410 778 D.
1452 719 1618 778 cuius
1656 717 1959 780 adoranda
1999 718 2257 797 potentia

877 815 1046 876 Haec
1085 815 1276 876 hostia
1314 815 1467 876 Dne.
1508 834 1568 895 q.
1607 825 1668 877 et
1707 817 1937 878 vincula

879 909 1078 996 [atVD.
1121 911 1198 974 Et
1237 914 1340 973 tibi
1381 911 1769 996 sanctificare]

877 1012 1184 1073 Perficiant
1223 1011 1284 1072 in
1324 1013 1500 1072 nobis
1541 1012 1693 1075 Dne.
1732 1032 1791 1091 q.
1834 1023 1937 1073 tua
1976 1023 2337 1075 sacramenta

883 1111 1122 1190 Suscipe
1163 1110 1316 1171 Dne.
1357 1128 1564 1189 preces
1604 1111 1805 1190 populi
1846 1111 2225 1191 supplicantis

1571 1286 1875 1348 Domim'ca
1930 1288 2117 1348 Vacat.

882 1402 958 1464 O.
1003 1419 1048 1462 s.
1091 1401 1167 1462 D.
1208 1401 1662 1463 misericordiam
1702 1414 1863 1464 tuam
1902 1404 2144 1466 ostende

883 1503 1081 1563 Tuere
1119 1519 1178 1578 q.
1221 1499 1371 1561 Dne.
1412 1499 1688 1562 familiam
1728 1513 1891 1562 tuam

883 1601 1078 1660 Huius
1118 1611 1175 1660 te
1215 1598 1368 1660 Dne.
1411 1601 1668 1661 muneris
1708 1601 2001 1663 oblatione

879 1697 1016 1758 VD.
1060 1696 1180 1771 Qui
1219 1698 1351 1758 vicit
1392 1698 1689 1760 diabolum

845 1797 1160 1858 *Caelestis
1200 1815 1440 1857 mensae
1478 1816 1536 1875 q.
1578 1797 1731 1857 Dne.
1774 1809 2141 1858 sacrosancta

1086 1971 1150 2055 [v
1189 1971 1336 2033 Kal.
1385 1972 1504 2033 Oct.
1543 1971 1688 2032 Nat.
1732 1971 1846 2034 SS.
1893 1972 2125 2034 Cosmae
2162 1983 2215 2032 et
2250 1973 2547 2033 Damiam’.

881 2088 1222 2166 Magnificet
1263 2098 1318 2148 te
1359 2087 1512 2148 Dne.
1555 2097 1889 2148 sanctorum
1931 2087 2187 2149 Cosmae
2226 2099 2285 2148 et
2326 2087 2599 2148 Damiani

882 2188 956 2247 In
995 2197 1228 2248 tuorum
1269 2185 1420 2247 Dne.
1465 2187 1717 2264 pretiosa
1755 2196 1946 2247 morte

880 2285 1016 2346 VD.
1059 2285 1447 2346 Clementiam
1487 2294 1650 2345 tuam
1692 2285 2028 2364 suppliciter

883 2383 970 2445 Sit
1009 2384 1184 2445 nobis
1225 2383 1378 2442 Dne.
1417 2385 1763 2444 sacramenti
1804 2378 1911 2464 tui]

923 2560 999 2618 iii
1031 2555 1174 2617 Kal.
1222 2556 1342 2617 Oct.
1383 2555 1678 2616 Dedakatzb
1718 2555 2002 2616 Basilii-ae
2042 2556 2263 2634 Angeli
2294 2556 2613 2616 Michaelis.

883 2673 959 2734 D.
1001 2674 1102 2752 qui
1143 2673 1294 2733 miro
1333 2672 1540 2732 ordine
1582 2672 1925 2750 angelorum

881 2770 980 2830 Da
1017 2771 1187 2832 nobis
1227 2789 1284 2831 0.
1327 2768 1404 2831 D.
1431 2771 1488 2828 b.
1531 2769 1865 2846 archangeli
1907 2768 2213 2832 Michaelis

882 2868 1126 2929 Hostias
1166 2869 1272 2930 tibi
1312 2868 1463 2928 Dne.
1503 2867 1691 2928 laudis
1731 2869 2029 2928 offerimus

885 2965 1136 3049 [Munus
1176 2967 1378 3046 populi
1419 2969 1500 3027 tui
1541 2966 1693 3027 Dne.
1733 2986 1791 3045 q.
1836 2963 2173 3049 dignanter]

883 3065 1016 3124 VD.
1063 3065 1260 3126 Sancti
1302 3064 1607 3126 Michaelis
1647 3065 1981 3143 archangeli
2020 3067 2227 3127 merita

884 3164 1050 3224 Beati
1092 3164 1426 3242 archangeli
1469 3165 1548 3224 tui
1593 3163 1897 3224 Michaelis

883 3264 1106 3324 Adesto
1144 3263 1300 3341 plebi
1341 3272 1476 3324 tuae
1517 3281 1596 3322 m.
1638 3262 1715 3322 D.
1758 3273 1817 3323 et
1858 3273 1922 3322 ut
1960 3263 2185 3341 gratiae

884 3363 1242 3441 Perpetuum
1283 3362 1453 3422 nobis
1496 3361 1650 3422 Dne.
1694 3373 1828 3422 tuae
1870 3362 2255 3422 miserationis

1330 3536 1510 3597 Heba.
1553 3557 1656 3598 xx
1684 3545 1819 3615 post
1854 3536 2220 3596 Pentecosten.

849 3651 1002 3712 *Fac
1043 3670 1154 3712 nos
1193 3651 1345 3712 Dne.
1388 3672 1445 3733 q.
1486 3663 1759 3731 prompta
1798 3651 2089 3712 voluntate

887 3750 1024 3810 Tua
1063 3749 1173 3810 nos
1213 3750 1366 3811 Dne.
1409 3770 1466 3828 q.
1510 3751 1697 3828 gratia
1736 3769 1968 3828 semper
2008 3751 2345 3827 praeveniat

886 3848 1118 3908 Munda
1157 3867 1269 3909 nos
1309 3848 1459 3910 Dne.
1501 3849 1761 3909 sacrificii
1802 3848 2119 3926 praesentis

884 3947 1019 4005 VD.
1062 3947 1371 4008 Preoentes
1409 3957 1472 4006 ut
1513 3949 1679 4007 Iesus
1721 3947 1986 4007 Christus

888 4045 1134 4106 Purifica
1176 4045 1328 4106 Dne.
1367 4066 1425 4124 q.
1466 4057 1693 4106 mentes
1730 4057 1957 4106 nostras
1996 4045 2283 4122 benignus

1150 4217 1332 4302 [Non.
1381 4220 1500 4282 Oct.
1543 4219 1695 4282 Nat.
1738 4219 1801 4278 S.
1842 4218 2055 4279 Marci
2087 4217 2365 4297 Episcopi
2379 4220 2415 4278 ¹.

884 4334 1117 4398 Exaudi
1155 4336 1309 4397 Dne.
1349 4355 1553 4414 preces
1593 4347 1820 4396 nostras
1861 4345 1919 4396 et
1960 4335 2373 4396 interveniente

890 4434 1226 4495 Benedictio
1267 4447 1363 4495 tua
1404 4433 1555 4494 Dne.
1595 4435 1761 4513 larga
1801 4433 2116 4494 descendat

887 4533 983 4592 Da
1025 4552 1082 4611 q.
1127 4532 1278 4595 Dne.
1325 4533 1592 4593 fidelihus
1633 4527 1891 4614 populis]

865 4678 884 4707 ¹
919 4681 982 4731 R.
1009 4681 1098 4730 has
1121 4681 1236 4730 here
1256 4682 1316 4730 vi
1335 4682 1430 4732 Νὸ.
1461 4678 1560 4731 Οξῖ.
1587 4672 1722 4732 Nat—I
1740 4683 1825 4732 SE
1846 4681 2164 4746 Leudegarii.
2232 4681 2325 4733 See
2348 4681 2495 4732 Gerb.
2522 4697 2569 4745 p.
2602 4683 2715 4746 184.
