3342 5392
715 382 800 447 80
1283 390 1542 447 LlBER
1581 390 2219 449 SACRAMENTOR
2228 392 2359 449 ΗΜ
2702 392 2770 461 [1.
2796 392 2905 447 xlii.

842 554 1088 638 Agnus
1123 554 1273 634 Dei,
1303 554 1418 639 qui
1448 554 1625 621 tollis
1659 564 1934 639 peccata
1966 557 2212 634 mundi,
2244 557 2569 623 miserere.
2657 556 2912 623 Deinde

841 658 1174 724 veniens-¹²
1203 659 1699 725 archidiaconus
1724 671 1877 725 ante
1903 659 2136 740 altare,
2158 658 2539 744 ctcczpiens¹¹¹
2559 660 2640 726 de
2663 662 2911 727 lumine

843 762 1020 845 quod
1069 764 1145 829 vi
1173 764 1370 845 seria
1417 764 1794 829 absconsum
1823 765 1996 847 fuit,
2025 766 2295 849 faciens
2310 762 2360 803 ¹²
2414 786 2665 831 crucem
2721 776 2913 848 super

839 887 1108 945 cereum,
1141 876 1210 931 et
1249 866 1638 933 illuminans
1657 864 1713 906 ¹²
1738 889 1903 945 eum,
1938 877 2006 934 et
2042 866 2390 952 completur
2428 868 2512 935 ab
2554 870 2689 952 aejoso
2730 869 2909 951 bepe-

841 970 1040 1037 dictio
1077 973 1262 1036 cerei.

349 1115 482 1167 Mur.
507 1116 562 1168 ii.
801 1074 1007 1153 Deus,
1038 1075 1268 1141 mundi
1295 1076 1618 1156 conditor,
1649 1086 1879 1142 auctor
1900 1076 2181 1153 luminis,
2212 1076 2501 1142 siderum
2532 1076 2907 1153 fabricator,

346 1194 490 1297 &sib
529 1246 563 1261 η
714 1176 898 1243 Deus
956 1180 1070 1263 qui
1131 1181 1452 1247 iacentem
1523 1180 1846 1245 mundum
1894 1181 1961 1244 in
2020 1181 2306 1245 tenebris
2367 1181 2514 1246 luce
2565 1183 2909 1267 perspicua

349 1326 463 1376 ²05·
492 1262 580 1298 ’¹¹'
713 1284 1026 1363 retexisti,
1051 1282 1238 1350 Deus
1267 1305 1386 1369 per
1414 1304 1611 1367 quem
1641 1285 1957 1351 ineffabili
1986 1285 2291 1369 potentia
2318 1286 2627 1349 omnium.
2646 1286 2909 1351 claritas

711 1389 993 1471 sumpsit
1043 1389 1413 1466 exordium,
1466 1398 1534 1453 te
1575 1390 1642 1453 in
1689 1390 1822 1453 tuis
1864 1389 2172 1472 operibus
2220 1390 2620 1467 invocantes,
2668 1390 2735 1453 In
2784 1390 2909 1455 hac

710 1492 1153 1559 sacratissima
1211 1493 1426 1557 noctis
1479 1491 1706 1578 vigilia
1761 1494 1850 1557 de
1907 1494 2105 1559 donis
2162 1495 2296 1558 tuis
2361 1512 2623 1559 cereum
2643 1492 2698 1531 ¹³
2751 1504 2909 1559 tuae

707 1594 1088 1680 suppliciter
1130 1597 1466 1662 offerimus
1511 1597 1861 1675 maiestati,
1905 1617 2039 1663 non
2084 1598 2281 1680 adipe
2314 1598 2529 1663 carnis
2558 1596 2906 1682 pollutum,

710 1720 846 1763 non
865 1696 921 1739 ¹⁴
964 1700 1240 1784 profana
1284 1702 1593 1767 unctione
1635 1702 1959 1781 vitiatum,
2004 1722 2137 1765 non
2185 1700 2504 1785 sacrilego
2550 1702 2704 1785 igne
2748 1722 2905 1767 con-

709 1786 1120 1883 tactu'm,sed
1151 1824 1318 1881 cera,
1335 1804 1503 1881 oleo,
1526 1815 1733 1887 atque
1761 1826 2023 1890 papyro
2041 1804 2097 1845 ¹³
2126 1816 2575 1871 constructum
2597 1804 2674 1885 ¹⁶,
2702 1806 2769 1869 in
2806 1805 2904 1871 tui

711 1908 994 1972 nominis
1027 1909 1280 1973 honore
1297 1905 1348 1948 ¹⁷
1379 1928 1783 1990 succensum,
1814 1910 2131 1993 obsequio
2160 1910 2504 1996 religiosae
2532 1910 2908 1975 devotionis

709 2010 1067 2077 offerimus,
1161 2013 1485 2098 Magnum
1559 2014 1759 2098 igitur
1832 2014 2241 2096 mysterium,
2300 2023 2369 2079 et
2434 2014 2649 2081 noctis
2712 2014 2906 2079 huius

713 2115 1012 2181 mirabile
1055 2126 1564 2197 sacramentum,
1609 2118 1829 2201 dignis
1873 2137 2138 2183 necesse
2180 2127 2283 2183 est
2327 2117 2632 2183 laudibus
2677 2137 2905 2183 cumu-

712 2220 829 2285 lari
849 2219 918 2284 ¹⁸.
1003 2220 1081 2284 In
1111 2240 1247 2304 quo
1279 2220 1673 2286 Dominicae
1703 2222 2193 2287 resurrectionis
2225 2222 2542 2289 miraculo
2572 2223 2747 2287 diem
2778 2222 2907 2289 sibi

708 2324 1157 2389 introductum
1207 2324 1518 2391 tenebrae
1557 2326 1962 2391 inveteratae
2004 2336 2366 2405 senserunt,
2396 2334 2466 2391 et
2511 2346 2688 2390 mors
2732 2347 2907 2408 quae

708 2429 869 2494 olim
915 2430 1131 2494 fuerat
1177 2439 1448 2495 aeterna
1497 2440 1694 2494 nocte
1742 2429 2075 2503 damnata,
2129 2430 2381 2495 inserto
2436 2431 2571 2494 veri
2633 2429 2907 2513 fulgoris

709 2534 960 2598 lumine
980 2532 1049 2612 ¹⁰,
1078 2534 1410 2616 captivam
1443 2554 1516 2597 se
1553 2533 1726 2598 trahi
1766 2532 2131 2597 Dominicis
2160 2532 2512 2617 triumphis
2542 2531 2907 2617 obstupuit,

708 2647 777 2702 et
793 2635 848 2675 ²⁰
911 2639 1091 2722 quod
1157 2638 1647 2721 praevaricante
1720 2635 2157 2720 primoplasto
2172 2633 2224 2674 ²¹
2288 2636 2643 2701 tenebrosa
2716 2658 2903 2719 prae-

708 2743 1088 2825 sumptione
1142 2742 1359 2806 fuerat
1407 2742 1474 2805 in
1531 2737 1915 2805 servitute-2²2
1966 2740 2375 2817 damnatum,
2416 2740 2627 2815 ,huius
2690 2742 2904 2806 noctis

709 2844 1027 2909 miraculo
1082 2844 1433 2929 splendore
1489 2843 1813 2909 libertatis
1840 2842 1896 2882 ²³
1945 2843 2261 2908 irradiat..
2320 2842 2438 2909 Ad
2489 2843 2685 2909 huius
2744 2865 2903 2928 ergo
2962 2829 2971 2837 ’

707 2949 1078 3015 festivitatis
1155 2949 1588 3013 reverentiam
1661 2947 1917 3012 fervore
1988 2947 2256 3032 spiritus
2316 2978 2342 3003 ι
2402 2947 2902 3026 descendenteS,
2932 2980 3008 3035 55
3014 2982 3049 3037 5

707 3061 1030 3136 quantum
1089 3052 1358 3118 devotio
1415 3053 1705 3117 humana
1761 3050 1995 3135 exigit,
2038 3050 2163 3117 tibi
2211 3052 2361 3117 Deo
2406 3050 2663 3134 fulgore
2714 3051 2901 3118 flam-

707 3178 966 3221 marum
1012 3154 1328 3240 placita2⁴1
1373 3155 1725 3220 luminaria
1768 3155 2179 3230 exhibemus,
2227 3165 2302 3220 ut
2348 3157 2509 3221 dum
2560 3155 2727 3221 haec
2771 3155 2905 3223 fide

708 3263 965 3346 integra
1010 3261 1491 3345 persolvuntur,
1537 3269 1876 3325 creaturae
1924 3270 2081 3325 tuae
2134 3260 2335 3325 etiam
2382 3262 2733 3344 praeconia
2784 3282 2904 3325 ex-

708 3365 1028 3429 tollantur
1043 3364 1115 3430 ²⁵.
1207 3364 1552 3429 Flammae
1595 3364 1718 3428 lux
1746 3364 1995 3447 quippe
2024 3363 2307 3429 dicenda
2346 3372 2451 3429 est
2478 3383 2599 3448 per
2628 3385 2831 3447 quam
2850 3362 2903 3403 ²⁸

709 3478 1008 3552 potestas
1042 3469 1330 3533 Deitatis
1361 3468 1586 3551 Moysi
1615 3487 1938 3550 apparere
1968 3468 2241 3552 dignata
2270 3476 2390 3546 est,
2407 3487 2583 3551 quae
2612 3468 2699 3533 de
2726 3476 2904 3534 terra

707 3573 1038 3637 servitutis
1095 3571 1346 3657 populo
1404 3573 1676 3637 exeunti
1730 3570 2067 3636 salutifero
2119 3570 2365 3635 lumine
2415 3572 2733 3636 ducatum
2781 3592 2902 3637 ex-

707 3675 940 3752 hibuit,
1008 3696 1182 3760 quae
1239 3676 1450 3741 tribus
1523 3676 1744 3760 pueris
1805 3675 1875 3739 in
1930 3675 2193 3739 camino
2248 3675 2577 3741 sententia
2634 3676 2902 3759 tyranni

705 3780 1028 3863 depositis
1057 3781 1264 3845 vitam
1308 3780 1780 3845 blandimentis
1820 3778 2229 3845 mollioribus
2264 3779 2633 3846 reservavit.
2725 3780 2901 3845 Nam

708 3892 784 3947 ut
799 3880 868 3959 ²⁷,
900 3884 1336 3967 praecedente
1365 3884 1556 3949 huius
1585 3885 1853 3950 luminis
1883 3886 2096 3967 gratia
2112 3882 2183 3961 ²⁸,
2216 3886 2635 3949 tenebrarum
2672 3882 2903 3949 horror

707 3986 1104 4063 excluditur,
1165 3988 1276 4066 ita,
1339 3987 1647 4068 Domine,
1709 3988 2079 4054 lucescente
2140 3987 2503 4053 maiestatis
2559 3998 2718 4053 tuae
2776 3988 2901 4051 im-

705 4092 907 4176 perio,
935 4101 1356 4176 peccatorum
1387 4094 1681 4158 sarcinae
1710 4092 2049 4157 diluuntur
2065 4090 2134 4155 ²⁹.
2223 4092 2451 4176 Quum
2483 4091 2681 4174 igitur
2709 4090 2904 4157 huius

707 4196 1119 4261 substantiae
1147 4195 1463 4260 miramur
1493 4196 1861 4273 exordium,
1890 4215 2093 4280 apum
2130 4216 2397 4261 necesse
2426 4206 2527 4260 est
2558 4194 2904 4260 laudemus

707 4300 1046 4382 originem.
1135 4298 1328 4382 Apes
1357 4319 1514 4364 vero
1558 4310 1715 4365 sunt
1759 4298 2043 4383 frugales
2087 4300 2155 4365 in
2200 4300 2597 4385 sumptibuS,
2636 4300 2703 4363 in
2748 4319 2903 4382 pro·

706 4402 1038 4469 creatione
1080 4404 1510 4469 castissimae.
1598 4402 1978 4469 Aedificant
2022 4402 2291 4469 cellulas
2339 4424 2531 4471 cereo
2549 4402 2605 4442 ³⁰
2650 4404 2905 4486 liquore

705 4506 1014 4572 fundatas
1071 4528 1347 4591 quarum
1370 4506 1420 4545 ³¹
1487 4508 1822 4572 humanae
1886 4508 2160 4591 peritiae
2218 4528 2325 4572 ars
2385 4507 2699 4592 magistra
2768 4528 2903 4572 non

709 4622 1031 4694 coaequat
1049 4610 1120 4675 ³¹.
1213 4610 1480 4695 Legunt
1539 4612 1825 4693 pedibus
1883 4610 2093 4689 floreS,
2146 4621 2213 4675 et
2273 4609 2525 4676 nullum
2583 4611 2902 4675 damnum

709 4715 776 4778 in
795 4712 848 4753 ³²
877 4714 1147 4781 floribus
1175 4715 1520 4779 invenitur.
1612 4713 1847 4779 Partus
1885 4736 2017 4780 non
2049 4716 2274 4795 edunt,
2304 4715 2421 4779 sed
2463 4735 2575 4780 ore
2608 4714 2902 4800 legentes
