3342 5392
705 353 839 438 364
1575 359 2037 416 APPENDJX.

341 531 498 584 Gerb.
521 547 608 600 pp.
1175 519 1282 606 [iii
1315 523 1406 582 Id.
1449 521 1585 584 Dec.
1625 521 1772 587 Nat.
1814 523 1881 584 S.
1922 523 2176 584 Damasi
2209 525 2427 602 Papae.

347 611 462 662 ²⁰³³
483 613 594 663 ²⁰⁴*
911 636 1370 700 Misericordiam
1413 648 1572 698 tuam
1613 637 1765 699 Dne.
1806 639 1979 700 nobis
2018 657 2077 717 q.
2120 639 2539 700 interveniente

910 735 1008 796 Da
1047 736 1219 798 nobis
1257 753 1315 814 q.
1356 735 1510 796 Dne.
1551 753 1782 814 semper
1820 735 1967 798 haec
2004 737 2107 798 tibi

909 834 1218 914 Sumptum
1261 834 1417 896 Dne.
1458 835 1725 896 caelestis
1764 835 2003 898 remedii
2042 832 2500 916 sacramentum]

344 1001 500 1052 Gerb.
1341 981 1511 1044 Dona.
1551 985 1630 1043 iii
1659 991 1789 1044 ante
1828 983 1971 1046 Ναί.
2010 983 2264 1044 Domini.

343 1085 394 1134 p.
422 1079 534 1132 ²⁰⁴⁰
909 1099 1118 1162 Excita
1158 1099 1311 1161 Dne.
1351 1099 1527 1161 corda
1569 1111 1771 1162 nostra
1810 1100 1887 1162 ad
1926 1099 2356 1179 praeparandas

909 1197 1230 1276 Praecinge
1269 1215 1329 1276 q.
1369 1195 1522 1260 Dne.
1563 1196 1640 1260 D.
1682 1209 1881 1260 noster
1918 1198 2151 1260 lumbos
2189 1201 2401 1258 mentis

911 1295 1146 1358 Placare
1187 1295 1340 1356 Dne.
1381 1314 1438 1375 q.
1479 1295 1819 1358 humilitatis
1858 1307 2097 1358 nostrae

843 1393 1045 1477 [s-VD.
1087 1395 1180 1456 cui
1219 1395 1518 1474 proprium
1559 1405 1648 1456 cst
1688 1391 1947 1478 veniam]

913 1491 1146 1571 Repleti
1187 1491 1322 1554 cibo
1359 1493 1629 1572 spiritalis
1669 1493 1977 1554 alimoniae

347 1655 499 1708 σοι».
523 1671 609 1721 pp.
1369 1637 1492 1724 [la.
1534 1641 1672 1702 Dec.
1714 1640 1859 1703 Nar.
1903 1641 1969 1702 S.
2010 1641 2235 1702 Lunae.

911 1756 1262 1818 Intercessio
1303 1773 1417 1816 nos
1457 1773 1516 1834 q.
1559 1755 1714 1817 Dne.
1756 1775 1803 1816 s.
1848 1754 2063 1818 Luciae

873 1854 988 1929 2Q.
1029 1855 1303 1916 virtutum
1343 1855 1681 1916 caelestium
1722 1853 1798 1913 D.
1840 1866 1903 1914 ut
1944 1853 2225 1915 sacrificia

874 1951 1078 2014 *Laeti
1117 1951 1268 2014 Dne.
1309 1954 1668 2032 sumpsimus
1706 1947 2101 2032 sacramenta]

345 2113 498 2164 Gerb.
1358 2101 1525 2162 Dom.
1567 2105 1620 2161 1'1'
1651 2109 1779 2162 ante
1816 2101 1959 2164 Nat.
2002 2100 2253 2160 Domini.

911 2217 1134 2279 Aurem
1174 2227 1332 2278 tuam
1375 2237 1435 2296 q.
1475 2216 1628 2278 Dne.
1671 2217 1941 2296 precibus
1981 2216 2192 2276 nostris

911 2315 1032 2376 Fac
1073 2334 1185 2376 nos
1225 2335 1282 2394 q.
1324 2314 1476 2376 Dne.
1519 2315 1594 2375 D.
1639 2329 1840 2376 noster
1878 2314 2177 2393 pervigiles

911 2399 1254 2475 Devotionis
1295 2425 1525 2476 nostrae
1565 2415 1668 2474 tibi
1710 2433 1768 2492 q.
1810 2413 1962 2474 Dne.
2002 2413 2191 2474 hostia

914 2511 1051 2572 VD.
1093 2511 1432 2574 Referentes
1471 2514 1787 2590 gratiarum
1832 2512 1905 2572 de
1948 2511 2266 2590 praeteritis

910 2611 1301 2689 Imploramus
1342 2612 1494 2672 Dne.
1535 2611 1903 2672 clementiam
1942 2623 2103 2670 tuam

345 2767 503 2819 Gerb.
529 2784 564 2833 p
600 2806 615 2820 .
1150 2758 1350 2819 Mense
1389 2759 1618 2820 Decimo
1659 2758 1794 2818 Fer.
1836 2761 1896 2818 iv
1937 2760 2019 2818 ad
2055 2758 2119 2819 S.
2162 2757 2449 2817 Mariam.

909 2874 1144 2934 Praesta
1183 2893 1242 2953 q.
1283 2893 1339 2936 o.
1382 2875 1455 2934 D.
1499 2885 1562 2934 ut
1603 2873 2021 2952 redemptionis

907 2971 1144 3034 Festina
1182 2991 1241 3051 q.
1282 2972 1432 3034 Dne.
1475 2993 1550 3033 ne
1590 2972 1905 3033 tardaveris

911 3071 1206 3132 Ecclesiae
1247 3081 1378 3132 tuae
1421 3071 1572 3132 Dne.
1615 3089 1859 3131 munera
1900 3070 2162 3148 placatus

909 3167 1044 3228 VD.
1084 3169 1290 3230 Ieiunii
1330 3171 1733 3231 observatione
1772 3186 2051 3247 quaerere

909 3265 1175 3328 Tuorum
1216 3286 1328 3329 nos
1368 3267 1521 3328 Dne.
1563 3268 1824 3346 largitate
1864 3267 2155 3328 donorum

910 3365 1144 3427 Gratiae
1184 3376 1316 3427 tuae
1357 3387 1416 3446 q.
1455 3367 1607 3428 Dne.
1649 3365 2002 3445 supplicibus

343 3516 495 3568 Gerb-
1423 3507 1492 3566 F
1481 3511 1602 3566 cria
1643 3510 1712 3567 vi
1745 3509 1827 3567 ad
1864 3507 2169 3584 Apostolos,

342 3598 393 3646 p.
419 3580 526 3632 ²⁰⁶⁰
908 3618 1118 3682 Excita
1157 3639 1215 3699 q.
1259 3620 1412 3682 Dne.
1454 3624 1776 3702 potentiam
1818 3633 1980 3684 tuam
2020 3635 2077 3684 et
2118 3623 2247 3682 veni
2289 3633 2349 3682 ut
2392 3621 2452 3682 hi

910 3717 1100 3796 Prope
1143 3730 1271 3780 esto
1311 3719 1465 3781 Dne.
1504 3722 1781 3782 omnibus
1820 3721 2219 3782 invocantibus

915 3817 1156 3878 Praesta
1195 3817 1346 3878 Dne.
1387 3837 1446 3896 q.
1487 3829 1552 3880 ut
1591 3819 1787 3881 dicato

908 3914 1044 3974 VD.
1086 3915 1207 3990 Qui
1248 3933 1370 3977 non
1411 3917 1602 3978 solum
1643 3928 1887 3997 peccata
1926 3917 2167 3979 dimittis

907 4014 1143 4076 Prosint
1180 4015 1356 4075 nobis
1395 4014 1548 4078 Dne.
1591 4027 1827 4096 sumpta
1867 4019 2141 4094 mysteria

342 4173 493 4289 Ὧι),
520 4189 602 4240 pp.
1211 4153 1458 4217 Sabbalo
1497 4158 1578 4216 ad
1612 4156 1679 4217 S.
1719 4158 1959 4217 Petrum
1998 4159 2062 4218 in
2102 4159 2207 4218 xii
2238 4155 2389 4215 Lect.

345 4254 370 4290 π
441 4274 456 4300 ,
479 4249 588 4304 207.

908 4269 986 4332 D.
1026 4271 1128 4351 qui
1167 4271 1464 4349 conspicis
1503 4272 1641 4352 quia
1680 4291 1755 4331 ex
1798 4283 1995 4333 nostra

906 4369 1133 4430 Adesto
1172 4367 1326 4430 Dne.
1367 4370 1887 4449 supplicationibus
1926 4369 2141 4432 nostris
2180 4379 2239 4430 et
2278 4370 2597 4448 praesentis

868 4466 1186 4544 *Indignos
1225 4485 1284 4545 q.
1326 4466 1480 4528 Dne.
1523 4467 1773 4529 famulos
1816 4479 1947 4529 tuos

907 4561 1014 4647 [D.
1056 4565 1158 4643 qui
1199 4583 1308 4644 pro
1347 4567 1672 4626 animarum
1714 4564 2073 4649 expiatione]

909 4659 1382 4744 [Miserationum
1423 4675 1648 4727 tuarum
1692 4664 1843 4726 Dne.
1884 4685 1941 4746 q.
1985 4659 2442 4745 praeveniamur]
