3342 5392
341 458 406 508 11.
431 454 670 519 mviii]
957 453 1385 508 ROMANAE
1430 453 1835 510 ECCLESJA
1844 452 1918 508 E.
2412 463 2440 506 1
2454 443 2533 524 87

1234 628 1239 633 ⁸
1333 659 1621 716 Secreta.

425 774 707 838 Hostias
755 773 894 852 tibi,
956 773 1263 852 Domine,
1312 793 1435 856 pro
1487 784 1867 837 sanctorum
1930 783 2299 856 martyrum
2359 771 2537 838 Sim·
2595 792 2648 842 s,

336 880 496 963 plici
515 877 560 955 ¹,
609 878 931 955 Faustini,
973 887 1042 941 et
1083 875 1438 942 Viatricis²
1491 877 2119 943 commemoratione
2165 876 2537 955 deferimus»,
2596 859 2749 972 ἓξὲξ·
2764 870 2887 987 ἓξ·

337 982 725 1066 suppliciter
743 980 771 1020 ⁴
817 982 1242 1046 obsecrantes
1291 991 1367 1047 ut
1414 991 1482 1046 et
1532 981 2007 1064 indulgentiam
2057 981 2249 1047 nobis
2294 981 2541 1064 pariter
2595 989 2677 1039 Cf.
2704 989 2857 1039 Leon.

334 1085 674 1152 conferant
703 1094 772 1150 et
801 1085 1104 1151 salutem.
1196 1085 1336 1150 Per.
2596 1068 2711 1118 455·

1187 1281 1687 1338 Postoommun.

423 1394 713 1471 Praesta,
784 1413 1199 1476 quaesumUS,
1258 1394 1684 1477 omnipotens
1760 1394 1963 1471 Deua,
2022 1401 2098 1458 ut
2159 1403 2537 1458 sanctorum
2596 1413 2648 1465 s,

334 1509 599 1564 tuorum
647 1496 952 1580 Simplici
971 1495 1016 1575 1,
1057 1496 1376 1573 Faustini,
1421 1507 1488 1562 et
1524 1494 1879 1563 Viatricis⁸
1918 1497 2313 1562 caelestibus
2356 1518 2536 1580 mys·
2596 1480 2891 1609 ἓξὲξ-’ζ’

335 1603 518 1667 teriis
568 1599 903 1665 celebrata
953 1600 1336 1665 solemnitas
1389 1601 1869 1685 indulgentiam
1930 1602 2123 1665 nobis
2181 1610 2337 1666 tuae
2388 1621 2538 1684 pro-

337 1703 702 1789 pitiationis
730 1703 1050 1787 acquirat.
1142 1704 1266 1768 Per
1296 1705 1683 1769 Dominum.

408 1859 426 1888 1
459 1859 514 1909 S¹
536 1858 628 1908 has
648 1857 748 1908 this
770 1855 898 1906 form
929 1857 981 1906 in
1015 1856 1100 1906 the
1131 1856 1258 1918 title,
1283 1857 1534 1908 corrected
1564 1865 1620 1907 to
1654 1857 1916 1923 Simplicia·
1944 1858 2011 1921 by
2034 1856 2104 1906 8¹.
2174 1856 2450 1907 Otherwise
2484 1857 2536 1907 S.

342 1925 495 1975 Gerb.
530 1925 670 1973 Pam.
705 1922 774 1972 an
807 1923 934 1973 have
966 1922 1228 1987 Simplicii
1253 1923 1572 1987 throughout.
1814 1923 1835 1952 ²
1866 1923 2119 1972 Beatricis
2140 1923 2192 1972 S.
2218 1923 2368 1972 Gerb.
2394 1922 2535 1972 Pam.

342 1987 711 2054 (throughout).
941 1985 962 2016 ³
997 1988 1056 2038 V.
1084 1989 1223 2053 gives
1245 1987 1332 2037 the
1354 1989 1470 2039 date
1493 2005 1548 2037 as
1568 1989 1618 2038 in
1641 1995 1744 2038 text
1754 1988 2081 2119 (ni-»inqAug
1956 1988 2040 2038 the
2062 1988 2189 2038 form
2210 1991 2257 2037 A
2256 1989 2448 2052 ἔκηα)
2483 1987 2535 2037 S.

333 2063 460 2171 ἓξὲξ.
475 2056 559 2171 ἴδε
582 2055 803 2105 festival
825 2068 891 2104 on
912 2069 945 2102 v
968 2053 1089 2103 Kal.
1111 2055 1282 2118 Aug.,
1314 2055 1468 2104 Gerb.
1493 2055 1632 2104 Pam.
1659 2069 1729 2104 on
1750 2055 1803 2104 iv
1825 2053 1909 2103 Ka
2291 2053 2312 2082 ⁴
2342 2053 2534 2118 simpli—

1236 2399 1638 2457 XXXV'III.

857 2551 944 2616 IN
990 2551 1288 2615 NATALI
1323 2549 1542 2615 Anno
1587 2562 1686 2613 ET
1730 2547 2016 2616 SEN181.

1106 2704 1191 2769 iii
1217 2704 1376 2769 Kal.
1407 2705 1767 2787 Augustas.

430 2857 659 2923 Sancti
701 2860 798 2924 tui
834 2880 972 2937 nos,
1013 2860 1318 2938 Domine,
1346 2859 1556 2924 Abdo
1600 2870 1668 2925 et
1716 2859 1911 2925 Senis
1956 2860 2083 2943 piis
2126 2861 2537 2926 orationibus

340 2973 848 3046 prosequantur,
882 2973 948 3028 et
977 2964 1066 3028 ab
1108 2962 1301 3029 huius
1345 2965 1525 3029 vitae
1567 2963 1873 3046 periculis
1917 2963 2158 3048 iugiter
2200 2963 2539 3047 postulent

337 3066 659 3150 expediri.
751 3067 888 3132 Per.

429 3187 720 3264 Praesta,
742 3207 1161 3270 quaesumuS,
1189 3186 1499 3265 Domine,
1524 3196 1596 3249 ut
1627 3186 1903 3251 ecclesia
1932 3195 2049 3250 tua
2080 3197 2147 3252 et
2172 3196 2537 3267 martyrum

340 3301 606 3356 tuorum
637 3289 848 3355 Abdo
885 3299 952 3354 et
991 3289 1184 3355 Senis
1212 3289 1462 3356 confisa
1505 3291 1831 3374 suffragiis
1861 3290 2104 3356 devota
2135 3298 2539 3373 permaneat,

339 3403 410 3459 et
439 3415 668 3459 eorum
701 3395 1004 3477 precibus
1034 3393 1333 3477 gloriosis
1363 3414 1589 3459 secura
1620 3395 1958 3458 consistat.
2051 3393 2191 3458 Per.

1290 3590 1582 3647 Secreta.

428 3703 708 3766 Munera
749 3702 893 3782 tibi,
940 3703 1246 3781 Domine,
1275 3725 1396 3788 pro
1427 3714 1803 3769 sanctorum
1838 3711 2203 3784 martyrum
2238 3701 2443 3767 Abdo
2474 3711 2543 3767 et
2594 3711 2643 3760 3.

192 3807 314 3865 658
344 3803 583 3871 Senis¹
629 3804 1010 3871 occisione²
1054 3807 1280 3872 deseri·
1261 3828 1453 3887 -mus,
1499 3807 1612 3891 qui
1657 3807 1821 3871 dum
1866 3805 2180 3872 finiuntur
2233 3806 2299 3870 in
2353 3806 2541 3870 terris
2594 3775 2747 3893 gemb.
2757 3789 2888 3892 ,¹1⁵05·

344 3907 500 3975 sacti
529 3916 683 3974 sunt
713 3910 982 3976 caelesti
1011 3910 1155 3976 luce
1187 3911 1484 3994 perpetui
1501 3911 1544 3976 ³.
1636 3912 1779 3975 Per.
2593 3908 2687 3984 Spe
2710 3908 2851 3958 xlviii

1184 4107 1685 4163 Postoommun.

431 4218 760 4303 Populum
815 4230 1030 4296 tuum,
1085 4221 1392 4300 Domine,
1436 4231 1760 4304 perpetua
1805 4219 2172 4284 munitione
2214 4220 2539 4285 defende:
2596 4239 2648 4289 3.

343 4344 464 4388 nec
493 4322 884 4388 difficulter⁴
915 4325 1098 4408 quod
1131 4325 1256 4409 pie,
1286 4325 1466 4408 quod
1485 4324 1512 4362 ⁶
1543 4327 1733 4399 iuste,
1762 4325 2058 4406 postulat
2088 4335 2543 4407 consequatur,
2596 4304 2748 4421 ῧξέ·
2765 4317 2887 4436 π’ᾔξζ·

343 4427 447 4493 cui
475 4437 852 4493 sanctorum
890 4437 1156 4492 tuorum
1191 4430 1425 4493 merita
1455 4429 1913 4510 suffragantur.
2008 4429 2149 4492 Per.

406 4599 424 4628 1
459 4597 596 4648 Abda
617 4605 665 4646 et
686 4599 871 4649 Sennis
893 4599 973 4654 S.;
1008 4599 1184 4648 Abdon
1215 4605 1261 4648 et
1289 4600 1490 4648 Sennea
1521 4599 1671 4649 Gerb.
1700 4600 1833 4648 Men.
2100 4597 2121 4626 ²
2142 4598 2374 4662 passione
2409 4598 2542 4647 Men.

342 4667 424 4726 (so
447 4665 496 4712 in
521 4663 702 4728 xlviii).
880 4667 900 4696 ⁸
934 4665 1069 4714 Men.
1093 4663 1220 4713 adds
1241 4663 1510 4713 humiliter
1519 4665 1842 4729 postulantes,
1870 4668 1929 4712 ut
1950 4678 2119 4712 eorum
2141 4671 2331 4728 semper
2350 4663 2544 4712 mentis

341 4729 659 4845 ζηὲιίηέιὶιέἱιν.
909 4739 925 4759 ¹
957 4729 1210 4794 deficultas
1233 4730 1294 4777 V.
1321 4730 1468 4793 (corr.
1498 4731 1560 4792 by
1585 4729 1898 4792 ‘l'ommasi);
1932 4730 1981 4778 S.
2007 4729 2158 4778 Gerb.
2187 4729 2320 4778 Men.
2347 4745 2401 4778 as
2426 4735 2544 4780 text.
